<?xml version="1.0" encoding="UTF-8"?>
<!DOCTYPE html PUBLIC "-//W3C//DTD XHTML 1.0 Transitional//EN"
    "http://www.w3.org/TR/xhtml1/DTD/xhtml1-transitional.dtd">
<html xmlns="http://www.w3.org/1999/xhtml" xml:lang="en" lang="en">
 <head>
  <title>
</title>
<meta http-equiv="Content-Type" content="text/html;charset=utf-8" />
  <meta name='ocr-system' content='tesseract 3.04.00' />
  <meta name='ocr-capabilities' content='ocr_page ocr_carea ocr_par ocr_line ocrx_word'/>
</head>
<body>
  <div class='ocr_page' id='page_1' title='image "./phormioterences00teregoog_0047.png"; bbox 0 0 2975 4184; ppageno 0'>
   <div class='ocr_carea' id='block_1_1' title="bbox 116 373 1191 446">
    <p class='ocr_par' dir='ltr' id='par_1_1' title="bbox 116 373 1191 446">
     <span class='ocr_line' id='line_1_1' title="bbox 116 373 1191 446; baseline 0.011 -17"><span class='ocrx_word' id='word_1_1' title='bbox 116 397 119 404; x_wconf 94' lang='lat'>·</span> <span class='ocrx_word' id='word_1_2' title='bbox 182 385 228 431; x_wconf 90' lang='lat'><em>111.</em></span> <span class='ocrx_word' id='word_1_3' title='bbox 240 385 263 430; x_wconf 84' lang='lat'>5.</span> <span class='ocrx_word' id='word_1_4' title='bbox 274 381 386 446; x_wconf 74' lang='lat' dir='ltr'>mosee]</span> <span class='ocrx_word' id='word_1_5' title='bbox 607 375 761 433; x_wconf 79' lang='lat' dir='ltr'>rnonuro</span> <span class='ocrx_word' id='word_1_6' title='bbox 1055 373 1060 384; x_wconf 88' lang='lat'>&#39;</span> <span class='ocrx_word' id='word_1_7' title='bbox 1149 376 1191 441; x_wconf 77' lang='lat'>25</span> 
     </span>
    </p>
   </div>
   <div class='ocr_carea' id='block_1_2' title="bbox 613 591 1289 662">
    <p class='ocr_par' dir='ltr' id='par_1_2' title="bbox 613 591 1289 662">
     <span class='ocr_line' id='line_1_2' title="bbox 613 591 1289 662; baseline 0.006 -11"><span class='ocrx_word' id='word_1_8' title='bbox 613 591 719 652; x_wconf 77' lang='lat' dir='ltr'>Senum</span> <span class='ocrx_word' id='word_1_9' title='bbox 739 593 759 652; x_wconf 89' lang='lat'><strong><em>5</em></strong></span> <span class='ocrx_word' id='word_1_10' title='bbox 1119 606 1193 656; x_wconf 83' lang='lat'><strong>111.3</strong></span> <span class='ocrx_word' id='word_1_11' title='bbox 1284 649 1289 662; x_wconf 83' lang='lat'><em>,</em></span> 
     </span>
    </p>
   </div>
   <div class='ocr_carea' id='block_1_3' title="bbox 343 713 1034 778">
    <p class='ocr_par' dir='ltr' id='par_1_3' title="bbox 343 713 1034 778">
     <span class='ocr_line' id='line_1_3' title="bbox 343 713 1034 778; baseline 0.006 -5"><span class='ocrx_word' id='word_1_12' title='bbox 343 713 568 775; x_wconf 71' lang='lat' dir='ltr'>Pnnnnnrn</span> <span class='ocrx_word' id='word_1_13' title='bbox 648 715 841 775; x_wconf 71' lang='lat' dir='ltr'>Arrrrrno</span> <span class='ocrx_word' id='word_1_14' title='bbox 924 716 1034 778; x_wconf 71' lang='lat' dir='ltr'>Gnrn</span> 
     </span>
    </p>
   </div>
   <div class='ocr_carea' id='block_1_4' title="bbox 181 825 1247 2074">
    <p class='ocr_par' dir='ltr' id='par_1_4' title="bbox 181 825 1247 1086">
     <span class='ocr_line' id='line_1_4' title="bbox 181 825 1247 910; baseline 0.008 -25"><span class='ocrx_word' id='word_1_15' title='bbox 181 837 235 886; x_wconf 84' lang='lat' dir='ltr'>Ph.</span> <span class='ocrx_word' id='word_1_16' title='bbox 267 829 314 906; x_wconf 78' lang='lat' dir='ltr'>(ic</span> <span class='ocrx_word' id='word_1_17' title='bbox 338 830 472 910; x_wconf 81' lang='lat' dir='ltr'><strong><em>despair)</em></strong></span> <span class='ocrx_word' id='word_1_18' title='bbox 499 825 583 899; x_wconf 79' lang='lat' dir='ltr'>Quid</span> <span class='ocrx_word' id='word_1_19' title='bbox 604 827 747 889; x_wconf 79' lang='lat' dir='ltr'>fecium?</span> <span class='ocrx_word' id='word_1_20' title='bbox 789 829 884 890; x_wconf 89' lang='lat' dir='ltr'>Unde</span> <span class='ocrx_word' id='word_1_21' title='bbox 908 849 966 907; x_wconf 89' lang='lat' dir='ltr'>ego</span> <span class='ocrx_word' id='word_1_22' title='bbox 988 831 1084 892; x_wconf 89' lang='lat' dir='ltr'>miser</span> <span class='ocrx_word' id='word_1_23' title='bbox 1108 850 1247 894; x_wconf 83' lang='lat' dir='ltr'>nunc2eo</span> 
     </span>
     <span class='ocr_line' id='line_1_5' title="bbox 263 925 1192 1002; baseline 0.004 -18"><span class='ocrx_word' id='word_1_24' title='bbox 263 930 327 984; x_wconf 84' lang='lat' dir='ltr'>tem</span> <span class='ocrx_word' id='word_1_25' title='bbox 351 925 455 985; x_wconf 82' lang='lat' dir='ltr'>subite</span> <span class='ocrx_word' id='word_1_26' title='bbox 475 926 550 987; x_wconf 90' lang='lat' dir='ltr'>huic</span> <span class='ocrx_word' id='word_1_27' title='bbox 571 931 736 1002; x_wconf 86' lang='lat' dir='ltr'>argentum</span> <span class='ocrx_word' id='word_1_28' title='bbox 757 925 927 1002; x_wconf 86' lang='lat' dir='ltr'>inveniam,</span> <span class='ocrx_word' id='word_1_29' title='bbox 947 927 999 987; x_wconf 91' lang='lat' dir='ltr'>cui</span> <span class='ocrx_word' id='word_1_30' title='bbox 1020 929 1124 989; x_wconf 92' lang='lat' dir='ltr'>minus</span> <span class='ocrx_word' id='word_1_31' title='bbox 1145 928 1192 988; x_wconf 92' lang='lat' dir='ltr'>ni-</span> 
     </span>
     <span class='ocr_line' id='line_1_6' title="bbox 262 1021 418 1086; baseline 0.019 -7"><span class='ocrx_word' id='word_1_32' title='bbox 262 1021 329 1082; x_wconf 85' lang='lat' dir='ltr'>hile</span> <span class='ocrx_word' id='word_1_33' title='bbox 344 1024 418 1086; x_wconf 86' lang='lat' dir='ltr'>est?</span> 
     </span>
    </p>

    <p class='ocr_par' dir='ltr' id='par_1_5' title="bbox 182 1119 1245 1393">
     <span class='ocr_line' id='line_1_7' title="bbox 182 1119 1190 1200; baseline 0.002 -21"><span class='ocrx_word' id='word_1_34' title='bbox 182 1129 242 1178; x_wconf 79' lang='lat' dir='ltr'>An.</span> <span class='ocrx_word' id='word_1_35' title='bbox 266 1120 357 1180; x_wconf 86' lang='lat' dir='ltr'>Itane</span> <span class='ocrx_word' id='word_1_36' title='bbox 378 1119 462 1192; x_wconf 81' lang='lat' dir='ltr'>hunc</span> <span class='ocrx_word' id='word_1_37' title='bbox 487 1121 652 1199; x_wconf 85' lang='lat' dir='ltr'>patiemur,</span> <span class='ocrx_word' id='word_1_38' title='bbox 675 1122 767 1197; x_wconf 84' lang='lat' dir='ltr'>Geta,</span> <span class='ocrx_word' id='word_1_39' title='bbox 788 1121 865 1200; x_wconf 24' lang='lat' dir='ltr'>fieri·</span> <span class='ocrx_word' id='word_1_40' title='bbox 881 1119 1040 1198; x_wconf 86' lang='lat' dir='ltr'>miserum,</span> <span class='ocrx_word' id='word_1_41' title='bbox 1062 1132 1118 1200; x_wconf 92' lang='lat' dir='ltr'>qui</span> <span class='ocrx_word' id='word_1_42' title='bbox 1140 1132 1190 1181; x_wconf 88' lang='lat' dir='ltr'>me</span> 
     </span>
     <span class='ocr_line' id='line_1_8' title="bbox 263 1218 1191 1296; baseline 0.001 -19"><span class='ocrx_word' id='word_1_43' title='bbox 263 1218 392 1293; x_wconf 79' lang='lat' dir='ltr'>dudum,</span> <span class='ocrx_word' id='word_1_44' title='bbox 406 1224 443 1278; x_wconf 93' lang='lat' dir='ltr'>ut</span> <span class='ocrx_word' id='word_1_45' title='bbox 457 1218 577 1292; x_wconf 78' lang='lat' dir='ltr'><strong>dixisti,</strong></span> <span class='ocrx_word' id='word_1_46' title='bbox 593 1218 751 1278; x_wconf 80' lang='lat' dir='ltr'>adiuverit</span> <span class='ocrx_word' id='word_1_47' title='bbox 770 1218 929 1278; x_wconf 82' lang='lat' dir='ltr'>cemiter?</span> <span class='ocrx_word' id='word_1_48' title='bbox 970 1219 1053 1290; x_wconf 82' lang='lat' dir='ltr'>Quin</span> <span class='ocrx_word' id='word_1_49' title='bbox 1072 1218 1191 1296; x_wconf 87' lang='lat' dir='ltr'>experi-</span> 
     </span>
     <span class='ocr_line' id='line_1_9' title="bbox 264 1315 1245 1393; baseline 0.003 -18"><span class='ocrx_word' id='word_1_50' title='bbox 264 1325 359 1390; x_wconf 88' lang='lat' dir='ltr'>emur,</span> <span class='ocrx_word' id='word_1_51' title='bbox 375 1334 446 1375; x_wconf 91' lang='lat' dir='ltr'>cum</span> <span class='ocrx_word' id='word_1_52' title='bbox 460 1333 538 1393; x_wconf 91' lang='lat' dir='ltr'>opus</span> <span class='ocrx_word' id='word_1_53' title='bbox 553 1321 610 1390; x_wconf 88' lang='lat' dir='ltr'>est,</span> <span class='ocrx_word' id='word_1_54' title='bbox 625 1315 812 1376; x_wconf 88' lang='lat' dir='ltr'>beneficium</span> <span class='ocrx_word' id='word_1_55' title='bbox 826 1325 950 1376; x_wconf 78' lang='lat' dir='ltr'>rursum</span> <span class='ocrx_word' id='word_1_56' title='bbox 965 1325 996 1375; x_wconf 93' lang='lat' dir='ltr'>ei</span> <span class='ocrx_word' id='word_1_57' title='bbox 1009 1316 1165 1376; x_wconf 84' lang='lat' dir='ltr'>reddere?</span> <span class='ocrx_word' id='word_1_58' title='bbox 1201 1335 1245 1391; x_wconf 55' lang='grc' dir='ltr'>κός</span> 
     </span>
    </p>

    <p class='ocr_par' dir='ltr' id='par_1_6' title="bbox 183 1412 811 1490">
     <span class='ocr_line' id='line_1_10' title="bbox 183 1412 811 1490; baseline -0.003 -16"><span class='ocrx_word' id='word_1_59' title='bbox 183 1423 236 1473; x_wconf 75' lang='lat' dir='ltr'>Ge.</span> <span class='ocrx_word' id='word_1_60' title='bbox 267 1413 338 1474; x_wconf 80' lang='lat' dir='ltr'>Scio</span> <span class='ocrx_word' id='word_1_61' title='bbox 352 1413 498 1490; x_wconf 90' lang='lat' dir='ltr'>equidem</span> <span class='ocrx_word' id='word_1_62' title='bbox 512 1412 571 1473; x_wconf 93' lang='lat' dir='ltr'>hoc</span> <span class='ocrx_word' id='word_1_63' title='bbox 585 1430 653 1472; x_wconf 89' lang='lat' dir='ltr'>esse</span> <span class='ocrx_word' id='word_1_64' title='bbox 668 1431 811 1490; x_wconf 83' lang='lat' dir='ltr'>aequum.</span> 
     </span>
    </p>

    <p class='ocr_par' dir='ltr' id='par_1_7' title="bbox 182 1509 933 1589">
     <span class='ocr_line' id='line_1_11' title="bbox 182 1509 933 1589; baseline 0.004 -19"><span class='ocrx_word' id='word_1_65' title='bbox 182 1521 242 1570; x_wconf 80' lang='lat' dir='ltr'>An.</span> <span class='ocrx_word' id='word_1_66' title='bbox 264 1511 333 1587; x_wconf 87' lang='lat' dir='ltr'>Age</span> <span class='ocrx_word' id='word_1_67' title='bbox 348 1521 427 1589; x_wconf 84' lang='lat' dir='ltr'>ergo,</span> <span class='ocrx_word' id='word_1_68' title='bbox 439 1516 480 1570; x_wconf 76' lang='lat' dir='ltr'>tri</span> <span class='ocrx_word' id='word_1_69' title='bbox 495 1509 580 1570; x_wconf 85' lang='lat' dir='ltr'>seius</span> <span class='ocrx_word' id='word_1_70' title='bbox 595 1519 719 1570; x_wconf 73' lang='lat' dir='ltr'>servire</span> <span class='ocrx_word' id='word_1_71' title='bbox 734 1511 818 1571; x_wconf 90' lang='lat' dir='ltr'>hunc</span> <span class='ocrx_word' id='word_1_72' title='bbox 833 1516 933 1589; x_wconf 87' lang='lat' dir='ltr'>potes.</span> 
     </span>
    </p>

    <p class='ocr_par' dir='ltr' id='par_1_8' title="bbox 183 1607 504 1678">
     <span class='ocr_line' id='line_1_12' title="bbox 183 1607 504 1678; baseline 0 -11"><span class='ocrx_word' id='word_1_73' title='bbox 183 1617 236 1667; x_wconf 78' lang='lat' dir='ltr'>Ge.</span> <span class='ocrx_word' id='word_1_74' title='bbox 265 1607 348 1678; x_wconf 79' lang='lat' dir='ltr'>Quid</span> <span class='ocrx_word' id='word_1_75' title='bbox 362 1607 504 1668; x_wconf 85' lang='lat' dir='ltr'>faciam?</span> 
     </span>
    </p>

    <p class='ocr_par' dir='ltr' id='par_1_9' title="bbox 182 1704 604 1781">
     <span class='ocr_line' id='line_1_13' title="bbox 182 1704 604 1781; baseline 0.005 -17"><span class='ocrx_word' id='word_1_76' title='bbox 182 1715 242 1764; x_wconf 80' lang='lat' dir='ltr'>An.</span> <span class='ocrx_word' id='word_1_77' title='bbox 265 1704 414 1765; x_wconf 81' lang='lat' dir='ltr'>Invenies</span> <span class='ocrx_word' id='word_1_78' title='bbox 429 1711 604 1781; x_wconf 87' lang='lat' dir='ltr'>argentum.</span> 
     </span>
    </p>

    <p class='ocr_par' dir='ltr' id='par_1_10' title="bbox 183 1801 671 1879">
     <span class='ocr_line' id='line_1_14' title="bbox 183 1801 671 1879; baseline 0.002 -17"><span class='ocrx_word' id='word_1_79' title='bbox 183 1810 235 1862; x_wconf 78' lang='lat' dir='ltr'>Ge.</span> <span class='ocrx_word' id='word_1_80' title='bbox 266 1801 374 1879; x_wconf 79' lang='lat' dir='ltr'>Cupie,</span> <span class='ocrx_word' id='word_1_81' title='bbox 391 1801 446 1862; x_wconf 87' lang='lat' dir='ltr'>sed</span> <span class='ocrx_word' id='word_1_82' title='bbox 460 1802 552 1878; x_wconf 86' lang='lat' dir='ltr'>unde,</span> <span class='ocrx_word' id='word_1_83' title='bbox 568 1802 671 1863; x_wconf 81' lang='lat' dir='ltr'>edoce.</span> 
     </span>
    </p>

    <p class='ocr_par' dir='ltr' id='par_1_11' title="bbox 182 1898 538 1959">
     <span class='ocr_line' id='line_1_15' title="bbox 182 1898 538 1959; baseline 0.003 -1"><span class='ocrx_word' id='word_1_84' title='bbox 182 1909 241 1958; x_wconf 85' lang='lat' dir='ltr'>An.</span> <span class='ocrx_word' id='word_1_85' title='bbox 264 1900 360 1958; x_wconf 85' lang='lat' dir='ltr'>Pater</span> <span class='ocrx_word' id='word_1_86' title='bbox 373 1898 425 1958; x_wconf 92' lang='lat' dir='ltr'>hic</span> <span class='ocrx_word' id='word_1_87' title='bbox 440 1899 538 1959; x_wconf 83' lang='lat' dir='ltr'>adest.</span> 
     </span>
    </p>

    <p class='ocr_par' dir='ltr' id='par_1_12' title="bbox 182 1992 635 2074">
     <span class='ocr_line' id='line_1_16' title="bbox 182 1992 635 2074; baseline 0 -19"><span class='ocrx_word' id='word_1_88' title='bbox 182 2005 235 2055; x_wconf 78' lang='lat' dir='ltr'>Ge.</span> <span class='ocrx_word' id='word_1_89' title='bbox 267 1992 353 2072; x_wconf 52' lang='lat' dir='ltr'>Scio}</span> <span class='ocrx_word' id='word_1_90' title='bbox 377 1997 432 2056; x_wconf 83' lang='lat' dir='ltr'>sed</span> <span class='ocrx_word' id='word_1_91' title='bbox 446 1996 523 2074; x_wconf 92' lang='lat' dir='ltr'>quid</span> <span class='ocrx_word' id='word_1_92' title='bbox 537 1997 635 2057; x_wconf 83' lang='lat' dir='ltr'>tum?</span> 
     </span>
    </p>
   </div>
   <div class='ocr_carea' id='block_1_5' title="bbox 181 2085 763 2259">
    <p class='ocr_par' dir='ltr' id='par_1_13' title="bbox 181 2085 763 2259">
     <span class='ocr_line' id='line_1_17' title="bbox 181 2085 763 2172; baseline 0.003 -19"><span class='ocrx_word' id='word_1_93' title='bbox 181 2104 240 2153; x_wconf 80' lang='lat' dir='ltr'>An.</span> <span class='ocrx_word' id='word_1_94' title='bbox 264 2085 332 2153; x_wconf 68' lang='lat' dir='ltr'>dh!</span> <span class='ocrx_word' id='word_1_95' title='bbox 355 2093 475 2153; x_wconf 88' lang='lat' dir='ltr'>dictum</span> <span class='ocrx_word' id='word_1_96' title='bbox 490 2093 691 2172; x_wconf 86' lang='lat' dir='ltr'>sapientisat</span> <span class='ocrx_word' id='word_1_97' title='bbox 705 2100 763 2155; x_wconf 89' lang='lat' dir='ltr'>est.</span> 
     </span>
     <span class='ocr_line' id='line_1_18' title="bbox 181 2191 462 2259; baseline -0.004 -9"><span class='ocrx_word' id='word_1_98' title='bbox 181 2200 237 2251; x_wconf 75' lang='lat' dir='ltr'>Ge.</span> <span class='ocrx_word' id='word_1_99' title='bbox 265 2191 383 2250; x_wconf 85' lang='lat' dir='ltr'>Itane?</span> <span class='ocrx_word' id='word_1_100' title='bbox 460 2255 462 2259; x_wconf 58' lang='grc'>,</span> 
     </span>
    </p>
   </div>
   <div class='ocr_carea' id='block_1_6' title="bbox 148 2289 1244 3439">
    <p class='ocr_par' dir='ltr' id='par_1_14' title="bbox 181 2289 1244 2366">
     <span class='ocr_line' id='line_1_19' title="bbox 181 2289 1244 2366; baseline 0.004 -19"><span class='ocrx_word' id='word_1_101' title='bbox 181 2298 241 2347; x_wconf 81' lang='lat' dir='ltr'>An.</span> <span class='ocrx_word' id='word_1_102' title='bbox 263 2289 323 2349; x_wconf 77' lang='lat' dir='ltr'>Ita.</span> <span class='ocrx_word' id='word_1_103' title='bbox 689 2363 692 2366; x_wconf 26' lang='grc' dir='ltr'>Ι</span> <span class='ocrx_word' id='word_1_104' title='bbox 1198 2319 1244 2366; x_wconf 79' lang='lat'>²75</span> 
     </span>
    </p>

    <p class='ocr_par' dir='ltr' id='par_1_15' title="bbox 181 2385 1188 2659">
     <span class='ocr_line' id='line_1_20' title="bbox 181 2385 1188 2465; baseline 0.003 -20"><span class='ocrx_word' id='word_1_105' title='bbox 181 2395 234 2445; x_wconf 75' lang='lat' dir='ltr'>Ge.</span> <span class='ocrx_word' id='word_1_106' title='bbox 266 2387 346 2446; x_wconf 84' lang='lat' dir='ltr'>Sene</span> <span class='ocrx_word' id='word_1_107' title='bbox 357 2386 462 2446; x_wconf 91' lang='lat' dir='ltr'>hercle</span> <span class='ocrx_word' id='word_1_108' title='bbox 477 2385 608 2464; x_wconf 81' lang='lat' dir='ltr'>pulchre</span> <span class='ocrx_word' id='word_1_109' title='bbox 620 2386 751 2448; x_wconf 84' lang='lat' dir='ltr'>suedes!</span> <span class='ocrx_word' id='word_1_110' title='bbox 792 2386 857 2447; x_wconf 79' lang='lat' dir='ltr'>Sed</span> <span class='ocrx_word' id='word_1_111' title='bbox 871 2406 1022 2465; x_wconf 83' lang='lat' dir='ltr'>parumne</span> <span class='ocrx_word' id='word_1_112' title='bbox 1034 2393 1091 2463; x_wconf 88' lang='lat' dir='ltr'>est,</span> <span class='ocrx_word' id='word_1_113' title='bbox 1104 2388 1188 2465; x_wconf 94' lang='lat' dir='ltr'>quod</span> 
     </span>
     <span class='ocr_line' id='line_1_21' title="bbox 262 2484 1186 2566; baseline 0.003 -23"><span class='ocrx_word' id='word_1_114' title='bbox 262 2502 454 2566; x_wconf 83' lang='lat' dir='ltr'>eenexnunc</span> <span class='ocrx_word' id='word_1_115' title='bbox 469 2484 612 2544; x_wconf 85' lang='lat' dir='ltr'>omnibus</span> <span class='ocrx_word' id='word_1_116' title='bbox 627 2485 718 2544; x_wconf 84' lang='lat' dir='ltr'>nebis</span> <span class='ocrx_word' id='word_1_117' title='bbox 733 2492 905 2560; x_wconf 80' lang='lat' dir='ltr'>succenset,</span> <span class='ocrx_word' id='word_1_118' title='bbox 920 2484 983 2544; x_wconf 90' lang='lat' dir='ltr'>nisi</span> <span class='ocrx_word' id='word_1_119' title='bbox 999 2490 1186 2560; x_wconf 78' lang='lat' dir='ltr'>instigemus</span> 
     </span>
     <span class='ocr_line' id='line_1_22' title="bbox 261 2579 1036 2659; baseline 0 -19"><span class='ocrx_word' id='word_1_120' title='bbox 261 2580 366 2655; x_wconf 86' lang='lat' dir='ltr'>etiam,</span> <span class='ocrx_word' id='word_1_121' title='bbox 380 2586 417 2640; x_wconf 88' lang='lat' dir='ltr'>ut</span> <span class='ocrx_word' id='word_1_122' title='bbox 431 2579 537 2640; x_wconf 81' lang='lat' dir='ltr'>nuilus</span> <span class='ocrx_word' id='word_1_123' title='bbox 552 2580 637 2640; x_wconf 90' lang='lat' dir='ltr'>locus</span> <span class='ocrx_word' id='word_1_124' title='bbox 652 2580 799 2659; x_wconf 88' lang='lat' dir='ltr'>precibus</span> <span class='ocrx_word' id='word_1_125' title='bbox 813 2582 1036 2658; x_wconf 75' lang='lat' dir='ltr'>relinquetur?</span> 
     </span>
    </p>

    <p class='ocr_par' dir='ltr' id='par_1_16' title="bbox 179 2677 1242 3048">
     <span class='ocr_line' id='line_1_23' title="bbox 179 2677 1187 2758; baseline 0.001 -21"><span class='ocrx_word' id='word_1_126' title='bbox 179 2684 233 2738; x_wconf 66' lang='grc' dir='ltr'>ΡΗ.</span> <span class='ocrx_word' id='word_1_127' title='bbox 266 2677 426 2757; x_wconf 78' lang='lat' dir='ltr'>(coriopinp</span> <span class='ocrx_word' id='word_1_128' title='bbox 447 2680 494 2736; x_wconf 78' lang='lat' dir='ltr'>his</span> <span class='ocrx_word' id='word_1_129' title='bbox 514 2678 625 2758; x_wconf 71' lang='lat' dir='ltr'>leardo)</span> <span class='ocrx_word' id='word_1_130' title='bbox 648 2677 741 2737; x_wconf 87' lang='lat' dir='ltr'>Alius</span> <span class='ocrx_word' id='word_1_131' title='bbox 763 2679 802 2738; x_wconf 89' lang='lat' dir='ltr'>ab</span> <span class='ocrx_word' id='word_1_132' title='bbox 823 2678 922 2738; x_wconf 90' lang='lat' dir='ltr'>oculis</span> <span class='ocrx_word' id='word_1_133' title='bbox 944 2688 1023 2738; x_wconf 88' lang='lat' dir='ltr'>meis</span> <span class='ocrx_word' id='word_1_134' title='bbox 1046 2678 1133 2737; x_wconf 82' lang='lat' dir='ltr'>illam</span> <span class='ocrx_word' id='word_1_135' title='bbox 1152 2679 1187 2738; x_wconf 90' lang='lat' dir='ltr'>in</span> 
     </span>
     <span class='ocr_line' id='line_1_24' title="bbox 261 2774 1242 2857; baseline 0.003 -24"><span class='ocrx_word' id='word_1_136' title='bbox 261 2774 401 2852; x_wconf 86' lang='lat' dir='ltr'>ignetum</span> <span class='ocrx_word' id='word_1_137' title='bbox 437 2774 541 2834; x_wconf 90' lang='lat' dir='ltr'>locum</span> <span class='ocrx_word' id='word_1_138' title='bbox 572 2775 732 2835; x_wconf 80' lang='lat' dir='ltr'>abdicet?</span> <span class='ocrx_word' id='word_1_139' title='bbox 769 2774 917 2857; x_wconf 79' lang='lat' dir='ltr'>(sipiinp)</span> <span class='ocrx_word' id='word_1_140' title='bbox 960 2776 1061 2836; x_wconf 88' lang='lat' dir='ltr'>Hem!</span> <span class='ocrx_word' id='word_1_141' title='bbox 1105 2778 1242 2837; x_wconf 84' lang='lat' dir='ltr'>Tum280</span> 
     </span>
     <span class='ocr_line' id='line_1_25' title="bbox 259 2871 1186 2952; baseline 0.003 -20"><span class='ocrx_word' id='word_1_142' title='bbox 259 2871 365 2949; x_wconf 85' lang='lat' dir='ltr'>igitur,</span> <span class='ocrx_word' id='word_1_143' title='bbox 381 2873 455 2932; x_wconf 90' lang='lat' dir='ltr'>dum</span> <span class='ocrx_word' id='word_1_144' title='bbox 471 2872 545 2932; x_wconf 89' lang='lat' dir='ltr'>licet</span> <span class='ocrx_word' id='word_1_145' title='bbox 561 2873 696 2950; x_wconf 92' lang='lat' dir='ltr'>dumque</span> <span class='ocrx_word' id='word_1_146' title='bbox 711 2874 833 2948; x_wconf 82' lang='lat' dir='ltr'>adsum,</span> <span class='ocrx_word' id='word_1_147' title='bbox 848 2873 1001 2951; x_wconf 69' lang='lat' dir='ltr'>Antipho,</span> <span class='ocrx_word' id='word_1_148' title='bbox 1017 2873 1186 2952; x_wconf 84' lang='lat' dir='ltr'>loquimini</span> 
     </span>
     <span class='ocr_line' id='line_1_26' title="bbox 259 2969 736 3048; baseline 0 -18"><span class='ocrx_word' id='word_1_149' title='bbox 259 2980 389 3046; x_wconf 86' lang='lat' dir='ltr'>mecum,</span> <span class='ocrx_word' id='word_1_150' title='bbox 405 2969 664 3048; x_wconf 76' lang='lat' dir='ltr'>contemplemini</span> <span class='ocrx_word' id='word_1_151' title='bbox 677 2981 736 3030; x_wconf 88' lang='lat' dir='ltr'>me.</span> 
     </span>
    </p>

    <p class='ocr_par' dir='ltr' id='par_1_17' title="bbox 148 3068 1162 3145">
     <span class='ocr_line' id='line_1_27' title="bbox 148 3068 1162 3145; baseline 0.002 -17"><span class='ocrx_word' id='word_1_152' title='bbox 148 3079 153 3086; x_wconf 87' lang='grc'><strong>’</strong></span> <span class='ocrx_word' id='word_1_153' title='bbox 177 3079 236 3128; x_wconf 80' lang='lat' dir='ltr'>An.</span> <span class='ocrx_word' id='word_1_154' title='bbox 260 3069 358 3139; x_wconf 80' lang='lat' dir='ltr'>Quam</span> <span class='ocrx_word' id='word_1_155' title='bbox 374 3069 520 3128; x_wconf 87' lang='lat' dir='ltr'>obrem?</span> <span class='ocrx_word' id='word_1_156' title='bbox 562 3068 629 3128; x_wconf 89' lang='lat' dir='ltr'>Aut</span> <span class='ocrx_word' id='word_1_157' title='bbox 644 3069 795 3145; x_wconf 84' lang='lat' dir='ltr'>quidnam</span> <span class='ocrx_word' id='word_1_158' title='bbox 809 3068 952 3129; x_wconf 80' lang='lat' dir='ltr'>facturus</span> <span class='ocrx_word' id='word_1_159' title='bbox 967 3072 1027 3130; x_wconf 87' lang='lat' dir='ltr'>ee?</span> <span class='ocrx_word' id='word_1_160' title='bbox 1070 3070 1162 3130; x_wconf 79' lang='lat' dir='ltr'>Cedo.</span> 
     </span>
    </p>

    <p class='ocr_par' dir='ltr' id='par_1_18' title="bbox 176 3165 1237 3343">
     <span class='ocr_line' id='line_1_28' title="bbox 176 3165 1184 3245; baseline 0.003 -20"><span class='ocrx_word' id='word_1_161' title='bbox 176 3177 230 3226; x_wconf 83' lang='lat' dir='ltr'>Ph.</span> <span class='ocrx_word' id='word_1_162' title='bbox 259 3166 484 3244; x_wconf 23' lang='lat' dir='ltr'>Quoque-hinc</span> <span class='ocrx_word' id='word_1_163' title='bbox 501 3165 723 3243; x_wconf 71' lang='lat' dir='ltr'>asportabitur,</span> <span class='ocrx_word' id='word_1_164' title='bbox 738 3172 858 3226; x_wconf 88' lang='lat' dir='ltr'>certum</span> <span class='ocrx_word' id='word_1_165' title='bbox 878 3172 926 3227; x_wconf 91' lang='lat' dir='ltr'>est</span> <span class='ocrx_word' id='word_1_166' title='bbox 945 3166 1025 3226; x_wconf 92' lang='lat' dir='ltr'>mihi</span> <span class='ocrx_word' id='word_1_167' title='bbox 1036 3177 1184 3245; x_wconf 77' lang='lat' dir='ltr'>persequi</span> 
     </span>
     <span class='ocr_line' id='line_1_29' title="bbox 257 3271 1237 3343; baseline -0.004 -18"><span class='ocrx_word' id='word_1_168' title='bbox 257 3271 312 3326; x_wconf 86' lang='lat' dir='ltr'>aut</span> <span class='ocrx_word' id='word_1_169' title='bbox 325 3273 435 3343; x_wconf 87' lang='lat' dir='ltr'>perire.</span> <span class='ocrx_word' id='word_1_170' title='bbox 1193 3277 1237 3336; x_wconf 79' lang='lat'>285</span> 
     </span>
    </p>

    <p class='ocr_par' dir='ltr' id='par_1_19' title="bbox 177 3361 1180 3439">
     <span class='ocr_line' id='line_1_30' title="bbox 177 3361 1180 3439; baseline -0.002 -17"><span class='ocrx_word' id='word_1_171' title='bbox 177 3372 229 3423; x_wconf 75' lang='lat' dir='ltr'>Ge.</span> <span class='ocrx_word' id='word_1_172' title='bbox 258 3362 347 3434; x_wconf 79' lang='lat' dir='ltr'>Quod</span> <span class='ocrx_word' id='word_1_173' title='bbox 362 3371 436 3437; x_wconf 81' lang='lat' dir='ltr'>ages</span> <span class='ocrx_word' id='word_1_174' title='bbox 451 3361 484 3421; x_wconf 89' lang='lat' dir='ltr'>di</span> <span class='ocrx_word' id='word_1_175' title='bbox 497 3361 575 3421; x_wconf 89' lang='lat' dir='ltr'>bene</span> <span class='ocrx_word' id='word_1_176' title='bbox 590 3362 732 3422; x_wconf 78' lang='lat' dir='ltr'>vertant!</span> <span class='ocrx_word' id='word_1_177' title='bbox 754 3361 987 3439; x_wconf 91' lang='lat' dir='ltr'>Pedetemptim</span> <span class='ocrx_word' id='word_1_178' title='bbox 1001 3367 1116 3423; x_wconf 83' lang='lat' dir='ltr'>tamen.</span> <span class='ocrx_word' id='word_1_179' title='bbox 1179 3386 1180 3389; x_wconf 40' lang='lat'>¹</span> 
     </span>
    </p>
   </div>
   <div class='ocr_carea' id='block_1_7' title="bbox 176 3457 933 3635">
    <p class='ocr_par' dir='ltr' id='par_1_20' title="bbox 176 3457 933 3635">
     <span class='ocr_line' id='line_1_31' title="bbox 176 3457 933 3536; baseline -0.003 -18"><span class='ocrx_word' id='word_1_180' title='bbox 176 3471 235 3519; x_wconf 84' lang='lat' dir='ltr'>An.</span> <span class='ocrx_word' id='word_1_181' title='bbox 258 3460 339 3520; x_wconf 88' lang='lat' dir='ltr'>Vide</span> <span class='ocrx_word' id='word_1_182' title='bbox 354 3468 382 3519; x_wconf 91' lang='lat' dir='ltr'>si</span> <span class='ocrx_word' id='word_1_183' title='bbox 396 3457 474 3536; x_wconf 88' lang='lat' dir='ltr'>quid</span> <span class='ocrx_word' id='word_1_184' title='bbox 488 3477 582 3536; x_wconf 91' lang='lat' dir='ltr'>opum</span> <span class='ocrx_word' id='word_1_185' title='bbox 597 3457 721 3518; x_wconf 83' lang='lat' dir='ltr'>adferre</span> <span class='ocrx_word' id='word_1_186' title='bbox 735 3457 809 3518; x_wconf 92' lang='lat' dir='ltr'>huic</span> <span class='ocrx_word' id='word_1_187' title='bbox 823 3467 933 3536; x_wconf 89' lang='lat' dir='ltr'>possis.</span> 
     </span>
     <span class='ocr_line' id='line_1_32' title="bbox 176 3552 597 3635; baseline -0.005 -18"><span class='ocrx_word' id='word_1_188' title='bbox 176 3566 228 3633; x_wconf 71' lang='lat' dir='ltr'>Ge,</span> <span class='ocrx_word' id='word_1_189' title='bbox 259 3556 311 3616; x_wconf 85' lang='lat' dir='ltr'>‘Si</span> <span class='ocrx_word' id='word_1_190' title='bbox 325 3554 446 3635; x_wconf 83' lang='lat' dir='ltr'>quid&#39;?</span> <span class='ocrx_word' id='word_1_191' title='bbox 488 3552 597 3628; x_wconf 81' lang='lat' dir='ltr'>Quid?</span> 
     </span>
    </p>
   </div>
   <div class='ocr_carea' id='block_1_8' title="bbox 0 0 1492 4184">
    <p class='ocr_par' dir='ltr' id='par_1_21' title="bbox 0 0 1492 4184">
     <span class='ocr_line' id='line_1_33' title="bbox 0 0 1492 4184; baseline 0 1"><span class='ocrx_word' id='word_1_192' title='bbox 0 0 1492 4184; x_wconf 95' lang='lat' dir='ltr'> </span> 
     </span>
    </p>
   </div>
  </div>
 </body>
</html>
