2975 4184
614 776 700 838 ACT
719 777 750 840 V

603 938 710 1000 Sem
730 937 750 1000 1
1123 949 1182 998 v.a

197 1087 312 1170 [Eater
325 1089 477 1165 Demipho
491 1090 555 1148 aad
568 1089 770 1150 Nausistrata
776 1090 864 1164 from
878 1086 1027 1150 Circames'
1041 1088 1159 1170 kausa]

335 1237 513 1280 DEMIPHO
552 1287 555 1292 Ι
736 1235 1020 1278 NAUSISTRATA

174 1363 228 1413 De.
254 1351 410 1428 Agedum,
438 1355 475 1410 ut
502 1347 594 1425 solas,
622 1348 835 1424 Nausistrata,
863 1350 915 1410 fac
943 1356 979 1410 ut
1006 1349 1064 1411 illa
1090 1350 1182 1411 nabis

255 1449 406 1528 placatur,
427 1453 465 1507 ut
480 1455 537 1507 sua
558 1446 721 1506 voluntate
742 1447 784 1523 id,
810 1447 895 1524 quod
919 1447 1097 1508 faciendum
1123 1453 1182 1524 est,

255 1547 362 1606 faciat.
409 1620 412 1625 ι

175 1655 232 1704 Na.
255 1643 391 1704 Faciam.

132 1743 136 1750 '
175 1753 229 1803 ne.
257 1741 384 1802 Adiuva
403 1750 454 1801 ma
475 1759 559 1801 nunc
579 1738 699 1820 pariter
719 1749 823 1819 opera,
837 1758 875 1800 ac
894 1749 928 1801 rc
950 1739 1070 1801 dadum
1084 1740 1184 1820 opitu-
1209 1763 1222 1810 s

257 1838 323 1900 lata
336 1858 378 1900 es.
759 1832 765 1844 “

175 1948 232 1998 Na.
255 1939 387 1998 Factum
407 1937 496 2014 vo163
529 1956 565 1997 ac
586 1936 639 2015 pol
660 1935 766 1998 minus
786 1935 891 1996 facere
912 1945 992 2014 quaa
1007 1934 1069 1997 vir1
1089 1935 1184 2016 culpa

257 2053 351 2113 quam
366 2045 416 2094 ma
431 2035 561 2110 dignum
575 2039 632 2094 cst.

175 2143 229 2192 De.
257 2133 340 2204 Quid
354 2133 485 2192 autem?

175 2240 232 2290 Na.
255 2229 336 2301 Quia
356 2229 408 2308 pol
429 2229 549 2290 banaa
569 2235 659 2308 patre
680 2238 750 2288 mcc
770 2228 850 2290 bcne
870 2234 961 2306 parta
980 2227 1184 2307 indlligcntsr
1195 2257 1225 2287 10

256 2332 395 2404 tatatur3
431 2346 503 2386 nam
525 2345 564 2386 ex
593 2326 632 2387 iis
654 2326 793 2405 praediis
818 2325 939 2387 talenta
966 2326 1041 2386 bina
1061 2334 1185 2405 argenti

257 2423 431 2502 aequaliter
446 2424 597 2503 capiebat.
641 2422 724 2493 Quid
737 2423 788 2482 vir
801 2421 870 2482 vira
884 2426 1039 2501 praestat!

176 2532 230 2582 Da.
257 2523 388 2598 Binanc,
404 2523 545 2600 quassa?

176 2629 233 2678 Na.
259 2620 308 2678 Ac
321 2619 396 2679 bina
410 2619 531 2679 talenta
544 2618 637 2679 rebus
652 2617 753 2679 multa
768 2617 943 2678 viliaribus.

176 2727 230 2775 De.
260 2715 410 2795 (affeca'aa
424 2718 570 2796 surprise)
587 2714 672 2777 Huii
723 2703 725 2707 ⁵

176 2823 233 2872 Na.
260 2813 343 2884 Quid
358 2813 434 2873 haec
448 2813 623 2874 videntur?

176 2920 230 2970 Da.
258 2910 394 2970 Scilicet.

176 3017 233 3066 Na.
259 3008 372 3068 Virum
387 3017 437 3066 ma
450 3013 558 3068 natam
572 3006 695 3068 vellem.
737 3007 807 3085 Ego
820 3008 1017 3070 ostenderem
1038 3051 1048 3071 .
1069 3051 1079 3072 .
1100 3055 1109 3071 .

176 3113 230 3164 De.
260 3103 488 3185 (tatcaaptiaa)
505 3105 598 3166 Certo
612 3105 686 3166 scic.

176 3211 233 3260 Na.
260 3246 267 3261 .
291 3246 298 3260 .
321 3247 328 3261 .
351 3208 519 3280 quapactc
540 3247 547 3261 .
570 3246 607 3264 ..
1194 3245 1224 3278 ,ο

176 3307 230 3358 De.
258 3300 356 3359 Parca
372 3299 471 3376 sadcs
486 3305 523 3359 ut
537 3317 605 3360 cum
621 3299 678 3360 illa
691 3309 807 3379 possis,
821 3309 862 3360 nc
872 3300 1056 3363 adulescens
1070 3300 1185 3362 mulier

257 3402 290 3456 ts
305 3397 467 3473 dcfatigct.
1161 3411 1164 3417 ·

176 3502 233 3552 Na.
255 3493 392 3569 Faciam,
412 3499 448 3553 ut
469 3494 566 3556 iubas.
598 3495 673 3575 (sees
697 3494 850 3578 Circenses)
873 3495 936 3558 Sed
956 3517 1060 3558 mcum
1081 3496 1183 3558 virum

258 3600 344 3651 cxirc
358 3600 377 3651 a
390 3596 422 3650 tc
436 3590 537 3652 videa.

664 3689 697 3742 35
