<?xml version="1.0" encoding="UTF-8"?>
<!DOCTYPE html PUBLIC "-//W3C//DTD XHTML 1.0 Transitional//EN"
    "http://www.w3.org/TR/xhtml1/DTD/xhtml1-transitional.dtd">
<html xmlns="http://www.w3.org/1999/xhtml" xml:lang="en" lang="en">
 <head>
  <title>
</title>
<meta http-equiv="Content-Type" content="text/html;charset=utf-8" />
  <meta name='ocr-system' content='tesseract 3.04.00' />
  <meta name='ocr-capabilities' content='ocr_page ocr_carea ocr_par ocr_line ocrx_word'/>
</head>
<body>
  <div class='ocr_page' id='page_1' title='image "./phormioterences00teregoog_0070.png"; bbox 0 0 2975 4184; ppageno 0'>
   <div class='ocr_carea' id='block_1_1' title="bbox 744 372 1328 434">
    <p class='ocr_par' dir='ltr' id='par_1_1' title="bbox 744 372 1328 434">
     <span class='ocr_line' id='line_1_1' title="bbox 744 372 1328 434; baseline 0.003 -14"><span class='ocrx_word' id='word_1_1' title='bbox 744 372 901 421; x_wconf 76' lang='lat' dir='ltr'>rennues</span> <span class='ocrx_word' id='word_1_2' title='bbox 1137 373 1180 434; x_wconf 84' lang='lat' dir='ltr'>[v.</span> <span class='ocrx_word' id='word_1_3' title='bbox 1190 376 1213 420; x_wconf 86' lang='lat'>4.</span> <span class='ocrx_word' id='word_1_4' title='bbox 1224 375 1328 422; x_wconf 63' lang='lat' dir='ltr'>menes</span> 
     </span>
    </p>
   </div>
   <div class='ocr_carea' id='block_1_2' title="bbox 233 521 1327 3625">
    <p class='ocr_par' dir='ltr' id='par_1_2' title="bbox 399 521 1326 608">
     <span class='ocr_line' id='line_1_2' title="bbox 399 521 1326 608; baseline -0.002 -17"><span class='ocrx_word' id='word_1_5' title='bbox 399 535 468 591; x_wconf 90' lang='lat' dir='ltr'>tum</span> <span class='ocrx_word' id='word_1_6' title='bbox 493 534 615 606; x_wconf 76' lang='lat' dir='ltr'>argenti</span> <span class='ocrx_word' id='word_1_7' title='bbox 639 530 772 604; x_wconf 83' lang='lat' dir='ltr'>auferat,</span> <span class='ocrx_word' id='word_1_8' title='bbox 794 535 860 590; x_wconf 88' lang='lat' dir='ltr'>tam</span> <span class='ocrx_word' id='word_1_9' title='bbox 885 535 992 608; x_wconf 82' lang='lat' dir='ltr'>aperte</span> <span class='ocrx_word' id='word_1_10' title='bbox 1013 529 1174 590; x_wconf 82' lang='lat' dir='ltr'>irridens?</span> <span class='ocrx_word' id='word_1_11' title='bbox 1216 521 1326 589; x_wconf 80' lang='lat' dir='ltr'>Emori</span> 
     </span>
    </p>

    <p class='ocr_par' dir='ltr' id='par_1_3' title="bbox 398 625 1326 705">
     <span class='ocr_line' id='line_1_3' title="bbox 398 625 1326 705; baseline 0 -19"><span class='ocrx_word' id='word_1_12' title='bbox 398 625 502 686; x_wconf 82' lang='lat' dir='ltr'>hercle</span> <span class='ocrx_word' id='word_1_13' title='bbox 517 633 566 687; x_wconf 90' lang='lat' dir='ltr'>est</span> <span class='ocrx_word' id='word_1_14' title='bbox 581 627 689 688; x_wconf 84' lang='lat' dir='ltr'>satius.</span> <span class='ocrx_word' id='word_1_15' title='bbox 735 627 819 687; x_wconf 78' lang='lat' dir='ltr'>Para</span> <span class='ocrx_word' id='word_1_16' title='bbox 832 632 868 687; x_wconf 91' lang='lat' dir='ltr'>ut</span> <span class='ocrx_word' id='word_1_17' title='bbox 883 627 988 688; x_wconf 83' lang='lat' dir='ltr'>animo</span> <span class='ocrx_word' id='word_1_18' title='bbox 1002 627 1090 687; x_wconf 80' lang='lat' dir='ltr'>virili</span> <span class='ocrx_word' id='word_1_19' title='bbox 1104 633 1326 705; x_wconf 76' lang='lat' dir='ltr'>praesentique</span> 
     </span>
    </p>

    <p class='ocr_par' dir='ltr' id='par_1_4' title="bbox 340 709 1324 803">
     <span class='ocr_line' id='line_1_4' title="bbox 340 709 1324 803; baseline 0 -19"><span class='ocrx_word' id='word_1_20' title='bbox 340 709 344 718; x_wconf 56' lang='lat'><strong><em>¹</em></strong></span> <span class='ocrx_word' id='word_1_21' title='bbox 399 732 459 800; x_wconf 83' lang='lat' dir='ltr'>sis;</span> <span class='ocrx_word' id='word_1_22' title='bbox 481 724 572 784; x_wconf 83' lang='lat' dir='ltr'>vides</span> <span class='ocrx_word' id='word_1_23' title='bbox 589 729 680 783; x_wconf 90' lang='lat' dir='ltr'>tuum</span> <span class='ocrx_word' id='word_1_24' title='bbox 699 731 862 803; x_wconf 77' lang='lat' dir='ltr'>peceatum</span> <span class='ocrx_word' id='word_1_25' title='bbox 881 725 967 784; x_wconf 74' lang='lat' dir='ltr'>foras</span> <span class='ocrx_word' id='word_1_26' title='bbox 985 742 1053 785; x_wconf 88' lang='lat' dir='ltr'>esse</span> <span class='ocrx_word' id='word_1_27' title='bbox 1073 724 1200 800; x_wconf 74' lang='lat' dir='ltr'>elatum,</span> <span class='ocrx_word' id='word_1_28' title='bbox 1221 743 1324 802; x_wconf 90' lang='lat' dir='ltr'>neque</span> 
     </span>
    </p>

    <p class='ocr_par' dir='ltr' id='par_1_5' title="bbox 398 821 1325 899">
     <span class='ocr_line' id='line_1_5' title="bbox 398 821 1325 899; baseline 0.002 -19"><span class='ocrx_word' id='word_1_29' title='bbox 398 821 462 880; x_wconf 89' lang='lat' dir='ltr'>iam</span> <span class='ocrx_word' id='word_1_30' title='bbox 472 821 506 881; x_wconf 91' lang='lat' dir='ltr'>id</span> <span class='ocrx_word' id='word_1_31' title='bbox 519 828 552 881; x_wconf 81' lang='lat' dir='ltr'>te</span> <span class='ocrx_word' id='word_1_32' title='bbox 562 840 653 899; x_wconf 92' lang='lat' dir='ltr'>posse</span> <span class='ocrx_word' id='word_1_33' title='bbox 668 822 769 882; x_wconf 77' lang='lat' dir='ltr'>celare</span> <span class='ocrx_word' id='word_1_34' title='bbox 784 832 914 882; x_wconf 82' lang='lat' dir='ltr'>uxorem</span> <span class='ocrx_word' id='word_1_35' title='bbox 924 827 1021 882; x_wconf 88' lang='lat' dir='ltr'>tuam.</span> <span class='ocrx_word' id='word_1_36' title='bbox 1066 821 1169 897; x_wconf 86' lang='lat' dir='ltr'>Nune,</span> <span class='ocrx_word' id='word_1_37' title='bbox 1181 821 1325 897; x_wconf 82' lang='lat' dir='ltr'>Chreme,</span> 
     </span>
    </p>

    <p class='ocr_par' dir='ltr' id='par_1_6' title="bbox 398 918 1326 996">
     <span class='ocr_line' id='line_1_6' title="bbox 398 918 1326 996; baseline 0.001 -19"><span class='ocrx_word' id='word_1_38' title='bbox 398 918 483 996; x_wconf 91' lang='lat' dir='ltr'>quod</span> <span class='ocrx_word' id='word_1_39' title='bbox 509 920 580 996; x_wconf 91' lang='lat' dir='ltr'>ipsa</span> <span class='ocrx_word' id='word_1_40' title='bbox 607 937 648 979; x_wconf 87' lang='lat' dir='ltr'>ex</span> <span class='ocrx_word' id='word_1_41' title='bbox 671 918 743 979; x_wconf 83' lang='lat' dir='ltr'>aliis</span> <span class='ocrx_word' id='word_1_42' title='bbox 774 920 923 979; x_wconf 80' lang='lat' dir='ltr'>auditura</span> <span class='ocrx_word' id='word_1_43' title='bbox 950 918 1002 995; x_wconf 91' lang='lat' dir='ltr'>sit,</span> <span class='ocrx_word' id='word_1_44' title='bbox 1029 918 1064 980; x_wconf 91' lang='lat' dir='ltr'>id</span> <span class='ocrx_word' id='word_1_45' title='bbox 1095 929 1153 980; x_wconf 81' lang='lat' dir='ltr'>nos</span> <span class='ocrx_word' id='word_1_46' title='bbox 1184 919 1326 979; x_wconf 77' lang='lat' dir='ltr'>indicare</span> 
     </span>
    </p>

    <p class='ocr_par' dir='ltr' id='par_1_7' title="bbox 262 1015 1327 1191">
     <span class='ocr_line' id='line_1_7' title="bbox 262 1015 1327 1094; baseline 0.012 -32"><span class='ocrx_word' id='word_1_47' title='bbox 262 1021 307 1065; x_wconf 81' lang='lat'>260</span> <span class='ocrx_word' id='word_1_48' title='bbox 398 1016 589 1077; x_wconf 81' lang='lat' dir='ltr'>commodius</span> <span class='ocrx_word' id='word_1_49' title='bbox 611 1016 652 1076; x_wconf 90' lang='lat' dir='ltr'>ad</span> <span class='ocrx_word' id='word_1_50' title='bbox 672 1015 761 1075; x_wconf 90' lang='lat' dir='ltr'>iliam</span> <span class='ocrx_word' id='word_1_51' title='bbox 781 1015 967 1094; x_wconf 75' lang='lat' dir='ltr'>placandam</span> <span class='ocrx_word' id='word_1_52' title='bbox 989 1022 1054 1092; x_wconf 90' lang='lat' dir='ltr'>est;</span> <span class='ocrx_word' id='word_1_53' title='bbox 1076 1021 1144 1076; x_wconf 91' lang='lat' dir='ltr'>tum</span> <span class='ocrx_word' id='word_1_54' title='bbox 1165 1016 1249 1077; x_wconf 87' lang='lat' dir='ltr'>hune</span> <span class='ocrx_word' id='word_1_55' title='bbox 1269 1016 1327 1076; x_wconf 93' lang='lat' dir='ltr'>im-</span> 
     </span>
     <span class='ocr_line' id='line_1_8' title="bbox 398 1113 1141 1191; baseline 0.001 -20"><span class='ocrx_word' id='word_1_56' title='bbox 398 1114 529 1191; x_wconf 88' lang='lat' dir='ltr'>probum</span> <span class='ocrx_word' id='word_1_57' title='bbox 544 1113 717 1191; x_wconf 78' lang='lat' dir='ltr'>poterimus</span> <span class='ocrx_word' id='word_1_58' title='bbox 738 1119 846 1173; x_wconf 85' lang='lat' dir='ltr'>nostro</span> <span class='ocrx_word' id='word_1_59' title='bbox 860 1114 954 1173; x_wconf 82' lang='lat' dir='ltr'>modo</span> <span class='ocrx_word' id='word_1_60' title='bbox 968 1113 1087 1174; x_wconf 76' lang='lat' dir='ltr'>ulcissi,</span> <span class='ocrx_word' id='word_1_61' title='bbox 1097 1120 1141 1182; x_wconf 72' lang='lat' dir='ltr'><em>s</em></span> 
     </span>
    </p>

    <p class='ocr_par' dir='ltr' id='par_1_8' title="bbox 316 1209 1324 1383">
     <span class='ocr_line' id='line_1_9' title="bbox 316 1209 1324 1291; baseline 0.001 -22"><span class='ocrx_word' id='word_1_62' title='bbox 316 1219 369 1269; x_wconf 81' lang='lat' dir='ltr'>Ph.</span> <span class='ocrx_word' id='word_1_63' title='bbox 404 1212 505 1290; x_wconf 79' lang='lat' dir='ltr'>(aeide</span> <span class='ocrx_word' id='word_1_64' title='bbox 527 1214 561 1270; x_wconf 83' lang='lat' dir='ltr'>im</span> <span class='ocrx_word' id='word_1_65' title='bbox 584 1212 696 1291; x_wconf 83' lang='lat' dir='ltr'>alarm)</span> <span class='ocrx_word' id='word_1_66' title='bbox 720 1211 823 1271; x_wconf 78' lang='lat' dir='ltr'>Hem!</span> <span class='ocrx_word' id='word_1_67' title='bbox 843 1210 908 1270; x_wconf 82' lang='lat' dir='ltr'>nisi</span> <span class='ocrx_word' id='word_1_68' title='bbox 923 1210 1001 1270; x_wconf 88' lang='lat' dir='ltr'>mihi</span> <span class='ocrx_word' id='word_1_69' title='bbox 1021 1210 1186 1289; x_wconf 78' lang='lat' dir='ltr'>prospicio,</span> <span class='ocrx_word' id='word_1_70' title='bbox 1201 1209 1324 1271; x_wconf 83' lang='lat' dir='ltr'>haered.</span> 
     </span>
     <span class='ocr_line' id='line_1_10' title="bbox 396 1307 1033 1383; baseline 0.002 -16"><span class='ocrx_word' id='word_1_71' title='bbox 396 1308 444 1367; x_wconf 82' lang='lat' dir='ltr'>Hi</span> <span class='ocrx_word' id='word_1_72' title='bbox 458 1307 643 1383; x_wconf 71' lang='lat' dir='ltr'>gladiatorio</span> <span class='ocrx_word' id='word_1_73' title='bbox 657 1307 762 1367; x_wconf 84' lang='lat' dir='ltr'>animo</span> <span class='ocrx_word' id='word_1_74' title='bbox 776 1307 811 1366; x_wconf 92' lang='lat' dir='ltr'>in</span> <span class='ocrx_word' id='word_1_75' title='bbox 825 1317 875 1367; x_wconf 78' lang='lat' dir='ltr'>me</span> <span class='ocrx_word' id='word_1_76' title='bbox 889 1309 1033 1368; x_wconf 85' lang='lat' dir='ltr'>tendunt</span> 
     </span>
    </p>

    <p class='ocr_par' dir='ltr' id='par_1_9' title="bbox 316 1404 1209 1486">
     <span class='ocr_line' id='line_1_11' title="bbox 316 1404 1209 1486; baseline 0.003 -23"><span class='ocrx_word' id='word_1_77' title='bbox 316 1412 369 1463; x_wconf 72' lang='lat' dir='ltr'>ch,</span> <span class='ocrx_word' id='word_1_78' title='bbox 400 1405 498 1482; x_wconf 79' lang='lat' dir='ltr'>(aeide</span> <span class='ocrx_word' id='word_1_79' title='bbox 509 1415 538 1464; x_wconf 88' lang='grc' dir='ltr'>ιο</span> <span class='ocrx_word' id='word_1_80' title='bbox 549 1406 712 1486; x_wconf 79' lang='lat' dir='ltr'>Demipho)</span> <span class='ocrx_word' id='word_1_81' title='bbox 728 1405 774 1464; x_wconf 86' lang='lat' dir='ltr'>At</span> <span class='ocrx_word' id='word_1_82' title='bbox 789 1423 905 1480; x_wconf 88' lang='lat' dir='ltr'>vereor,</span> <span class='ocrx_word' id='word_1_83' title='bbox 920 1410 957 1464; x_wconf 92' lang='lat' dir='ltr'>ut</span> <span class='ocrx_word' id='word_1_84' title='bbox 971 1404 1090 1483; x_wconf 73' lang='lat' dir='ltr'>placari</span> <span class='ocrx_word' id='word_1_85' title='bbox 1101 1405 1209 1484; x_wconf 84' lang='lat' dir='ltr'>possit</span> 
     </span>
    </p>

    <p class='ocr_par' dir='ltr' id='par_1_10' title="bbox 251 1500 1323 1773">
     <span class='ocr_line' id='line_1_12' title="bbox 251 1500 1323 1583; baseline 0.004 -24"><span class='ocrx_word' id='word_1_86' title='bbox 251 1509 305 1574; x_wconf 67' lang='grc' dir='ltr'>Ι265</span> <span class='ocrx_word' id='word_1_87' title='bbox 315 1510 370 1561; x_wconf 86' lang='lat' dir='ltr'>De.</span> <span class='ocrx_word' id='word_1_88' title='bbox 402 1500 500 1580; x_wconf 79' lang='lat' dir='ltr'>(aeide</span> <span class='ocrx_word' id='word_1_89' title='bbox 511 1511 539 1562; x_wconf 82' lang='lat' dir='ltr'>to</span> <span class='ocrx_word' id='word_1_90' title='bbox 552 1500 703 1583; x_wconf 82' lang='lat' dir='ltr'>Chremes)</span> <span class='ocrx_word' id='word_1_91' title='bbox 727 1503 815 1562; x_wconf 81' lang='lat' dir='ltr'>Bono</span> <span class='ocrx_word' id='word_1_92' title='bbox 827 1501 932 1562; x_wconf 79' lang='lat' dir='ltr'>animo</span> <span class='ocrx_word' id='word_1_93' title='bbox 943 1520 993 1578; x_wconf 80' lang='lat' dir='ltr'>es3</span> <span class='ocrx_word' id='word_1_94' title='bbox 1009 1521 1066 1578; x_wconf 87' lang='lat' dir='ltr'>ego</span> <span class='ocrx_word' id='word_1_95' title='bbox 1077 1512 1132 1563; x_wconf 80' lang='lat' dir='ltr'>vos</span> <span class='ocrx_word' id='word_1_96' title='bbox 1144 1503 1178 1561; x_wconf 91' lang='lat' dir='ltr'>in</span> <span class='ocrx_word' id='word_1_97' title='bbox 1189 1502 1323 1578; x_wconf 79' lang='lat' dir='ltr'>gratiam</span> 
     </span>
     <span class='ocr_line' id='line_1_13' title="bbox 396 1598 1323 1677; baseline 0.003 -20"><span class='ocrx_word' id='word_1_98' title='bbox 396 1600 546 1675; x_wconf 83' lang='lat' dir='ltr'>redigam,</span> <span class='ocrx_word' id='word_1_99' title='bbox 560 1599 620 1658; x_wconf 82' lang='lat' dir='ltr'>hoe</span> <span class='ocrx_word' id='word_1_100' title='bbox 636 1598 749 1673; x_wconf 78' lang='lat' dir='ltr'>fretus,</span> <span class='ocrx_word' id='word_1_101' title='bbox 765 1598 907 1674; x_wconf 85' lang='lat' dir='ltr'>Chreme,</span> <span class='ocrx_word' id='word_1_102' title='bbox 923 1599 1008 1677; x_wconf 93' lang='lat' dir='ltr'>quod</span> <span class='ocrx_word' id='word_1_103' title='bbox 1027 1600 1161 1660; x_wconf 78' lang='lat' dir='ltr'>emedio</span> <span class='ocrx_word' id='word_1_104' title='bbox 1175 1600 1323 1677; x_wconf 77' lang='lat' dir='ltr'>excessit,</span> 
     </span>
     <span class='ocr_line' id='line_1_14' title="bbox 397 1695 878 1773; baseline 0.002 -18"><span class='ocrx_word' id='word_1_105' title='bbox 397 1697 479 1756; x_wconf 90' lang='lat' dir='ltr'>unde</span> <span class='ocrx_word' id='word_1_106' title='bbox 493 1696 570 1756; x_wconf 87' lang='lat' dir='ltr'>haee</span> <span class='ocrx_word' id='word_1_107' title='bbox 586 1695 646 1754; x_wconf 90' lang='lat' dir='ltr'>tibi</span> <span class='ocrx_word' id='word_1_108' title='bbox 661 1701 808 1773; x_wconf 80' lang='lat' dir='ltr'>suscepta</span> <span class='ocrx_word' id='word_1_109' title='bbox 822 1702 878 1756; x_wconf 87' lang='lat' dir='ltr'>est.</span> 
     </span>
    </p>

    <p class='ocr_par' dir='ltr' id='par_1_11' title="bbox 315 1792 1325 1968">
     <span class='ocr_line' id='line_1_15' title="bbox 315 1792 1325 1870; baseline 0.002 -19"><span class='ocrx_word' id='word_1_110' title='bbox 315 1802 369 1852; x_wconf 79' lang='lat' dir='ltr'>Ph.</span> <span class='ocrx_word' id='word_1_111' title='bbox 398 1794 489 1854; x_wconf 84' lang='lat' dir='ltr'>Itane</span> <span class='ocrx_word' id='word_1_112' title='bbox 500 1802 622 1852; x_wconf 77' lang='lat' dir='ltr'>mecum</span> <span class='ocrx_word' id='word_1_113' title='bbox 634 1792 756 1867; x_wconf 84' lang='lat' dir='ltr'>agitis?</span> <span class='ocrx_word' id='word_1_114' title='bbox 788 1793 872 1853; x_wconf 84' lang='lat' dir='ltr'>Satis</span> <span class='ocrx_word' id='word_1_115' title='bbox 883 1799 987 1854; x_wconf 77' lang='lat' dir='ltr'>astute</span> <span class='ocrx_word' id='word_1_116' title='bbox 999 1793 1214 1870; x_wconf 81' lang='lat' dir='ltr'>aggredimini.</span> <span class='ocrx_word' id='word_1_117' title='bbox 1249 1794 1325 1853; x_wconf 82' lang='lat' dir='ltr'>Non</span> 
     </span>
     <span class='ocr_line' id='line_1_16' title="bbox 396 1889 1323 1968; baseline 0.002 -20"><span class='ocrx_word' id='word_1_118' title='bbox 396 1890 501 1950; x_wconf 82' lang='lat' dir='ltr'>hercle</span> <span class='ocrx_word' id='word_1_119' title='bbox 517 1909 556 1950; x_wconf 82' lang='lat' dir='ltr'>ex</span> <span class='ocrx_word' id='word_1_120' title='bbox 575 1900 608 1950; x_wconf 82' lang='lat' dir='ltr'>re</span> <span class='ocrx_word' id='word_1_121' title='bbox 628 1889 731 1964; x_wconf 83' lang='lat' dir='ltr'>istius,</span> <span class='ocrx_word' id='word_1_122' title='bbox 748 1890 914 1968; x_wconf 81' lang='lat' dir='ltr'>Demipho,</span> <span class='ocrx_word' id='word_1_123' title='bbox 929 1901 980 1949; x_wconf 80' lang='lat' dir='ltr'>me</span> <span class='ocrx_word' id='word_1_124' title='bbox 999 1891 1205 1967; x_wconf 75' lang='lat' dir='ltr'>instigavisti.</span> <span class='ocrx_word' id='word_1_125' title='bbox 1260 1891 1323 1950; x_wconf 82' lang='lat' dir='ltr'>His</span> 
     </span>
    </p>

    <p class='ocr_par' dir='ltr' id='par_1_12' title="bbox 259 1986 1324 2162">
     <span class='ocr_line' id='line_1_17' title="bbox 259 1986 1324 2068; baseline 0.004 -26"><span class='ocrx_word' id='word_1_126' title='bbox 259 2011 305 2056; x_wconf 78' lang='lat'>270</span> <span class='ocrx_word' id='word_1_127' title='bbox 396 1989 490 2048; x_wconf 82' lang='lat' dir='ltr'>dietis</span> <span class='ocrx_word' id='word_1_128' title='bbox 509 2006 566 2063; x_wconf 87' lang='lat' dir='ltr'>ego</span> <span class='ocrx_word' id='word_1_129' title='bbox 585 1987 671 2048; x_wconf 92' lang='lat' dir='ltr'>illam</span> <span class='ocrx_word' id='word_1_130' title='bbox 693 1987 727 2047; x_wconf 92' lang='lat' dir='ltr'>in</span> <span class='ocrx_word' id='word_1_131' title='bbox 740 1993 773 2046; x_wconf 82' lang='lat' dir='ltr'>te</span> <span class='ocrx_word' id='word_1_132' title='bbox 789 1986 831 2066; x_wconf 92' lang='grc' dir='ltr'>(ιο</span> <span class='ocrx_word' id='word_1_133' title='bbox 849 1988 1003 2068; x_wconf 77' lang='lat' dir='ltr'>Chremes)</span> <span class='ocrx_word' id='word_1_134' title='bbox 1020 1987 1066 2047; x_wconf 90' lang='lat' dir='ltr'>ita</span> <span class='ocrx_word' id='word_1_135' title='bbox 1081 1987 1240 2048; x_wconf 81' lang='lat' dir='ltr'>incensam</span> <span class='ocrx_word' id='word_1_136' title='bbox 1257 1989 1324 2047; x_wconf 90' lang='lat' dir='ltr'>red-</span> 
     </span>
     <span class='ocr_line' id='line_1_18' title="bbox 395 2085 1166 2162; baseline 0.001 -18"><span class='ocrx_word' id='word_1_137' title='bbox 395 2086 476 2159; x_wconf 85' lang='lat' dir='ltr'>dam,</span> <span class='ocrx_word' id='word_1_138' title='bbox 492 2090 606 2145; x_wconf 79' lang='lat' dir='ltr'>utnon</span> <span class='ocrx_word' id='word_1_139' title='bbox 621 2087 810 2162; x_wconf 80' lang='lat' dir='ltr'>restinguas,</span> <span class='ocrx_word' id='word_1_140' title='bbox 827 2095 855 2145; x_wconf 87' lang='lat' dir='ltr'>si</span> <span class='ocrx_word' id='word_1_141' title='bbox 871 2085 1018 2146; x_wconf 72' lang='lat' dir='ltr'>lacrimas</span> <span class='ocrx_word' id='word_1_142' title='bbox 1033 2085 1166 2145; x_wconf 76' lang='lat' dir='ltr'>fuderis.</span> 
     </span>
    </p>

    <p class='ocr_par' dir='ltr' id='par_1_13' title="bbox 314 2180 1324 2455">
     <span class='ocr_line' id='line_1_19' title="bbox 314 2180 1324 2260; baseline 0.002 -20"><span class='ocrx_word' id='word_1_143' title='bbox 314 2191 368 2241; x_wconf 83' lang='lat' dir='ltr'>De.</span> <span class='ocrx_word' id='word_1_144' title='bbox 398 2180 517 2242; x_wconf 85' lang='lat' dir='ltr'>Malum</span> <span class='ocrx_word' id='word_1_145' title='bbox 529 2183 658 2260; x_wconf 82' lang='lat' dir='ltr'>aliquod</span> <span class='ocrx_word' id='word_1_146' title='bbox 672 2185 729 2244; x_wconf 81' lang='lat' dir='ltr'>isti</span> <span class='ocrx_word' id='word_1_147' title='bbox 744 2183 778 2242; x_wconf 85' lang='lat' dir='ltr'>di</span> <span class='ocrx_word' id='word_1_148' title='bbox 792 2182 930 2260; x_wconf 85' lang='lat' dir='ltr'>deaeque</span> <span class='ocrx_word' id='word_1_149' title='bbox 944 2192 1052 2242; x_wconf 81' lang='lat' dir='ltr'>omnes</span> <span class='ocrx_word' id='word_1_150' title='bbox 1065 2183 1156 2246; x_wconf 82' lang='lat' dir='ltr'>denti</span> <span class='ocrx_word' id='word_1_151' title='bbox 1179 2183 1324 2243; x_wconf 70' lang='lat' dir='ltr'>Tantane</span> 
     </span>
     <span class='ocr_line' id='line_1_20' title="bbox 394 2279 1322 2358; baseline -0.001 -19"><span class='ocrx_word' id='word_1_152' title='bbox 394 2279 524 2340; x_wconf 77' lang='lat' dir='ltr'>audacia</span> <span class='ocrx_word' id='word_1_153' title='bbox 534 2299 722 2358; x_wconf 84' lang='lat' dir='ltr'>quemquam</span> <span class='ocrx_word' id='word_1_154' title='bbox 733 2279 891 2339; x_wconf 89' lang='lat' dir='ltr'>hominem</span> <span class='ocrx_word' id='word_1_155' title='bbox 903 2298 971 2339; x_wconf 90' lang='lat' dir='ltr'>esse</span> <span class='ocrx_word' id='word_1_156' title='bbox 986 2280 1154 2340; x_wconf 83' lang='lat' dir='ltr'>affectum!</span> <span class='ocrx_word' id='word_1_157' title='bbox 1175 2280 1248 2340; x_wconf 85' lang='lat' dir='ltr'>Non</span> <span class='ocrx_word' id='word_1_158' title='bbox 1262 2279 1322 2339; x_wconf 90' lang='lat' dir='ltr'>hoe</span> 
     </span>
     <span class='ocr_line' id='line_1_21' title="bbox 393 2372 1228 2455; baseline 0.002 -20"><span class='ocrx_word' id='word_1_159' title='bbox 393 2377 518 2454; x_wconf 79' lang='lat' dir='ltr'>publice</span> <span class='ocrx_word' id='word_1_160' title='bbox 533 2377 634 2438; x_wconf 87' lang='lat' dir='ltr'>scelus</span> <span class='ocrx_word' id='word_1_161' title='bbox 648 2377 722 2437; x_wconf 88' lang='lat' dir='ltr'>hine</span> <span class='ocrx_word' id='word_1_162' title='bbox 737 2376 772 2435; x_wconf 91' lang='lat' dir='ltr'>in</span> <span class='ocrx_word' id='word_1_163' title='bbox 787 2376 870 2436; x_wconf 74' lang='lat' dir='ltr'>solas</span> <span class='ocrx_word' id='word_1_164' title='bbox 884 2382 984 2437; x_wconf 78' lang='lat' dir='ltr'>terras</span> <span class='ocrx_word' id='word_1_165' title='bbox 1000 2378 1173 2455; x_wconf 74' lang='lat' dir='ltr'>asportari!</span> <span class='ocrx_word' id='word_1_166' title='bbox 1226 2372 1228 2375; x_wconf 67' lang='grc'><strong>’</strong></span> 
     </span>
    </p>

    <p class='ocr_par' dir='ltr' id='par_1_14' title="bbox 258 2472 1322 2650">
     <span class='ocr_line' id='line_1_22' title="bbox 258 2472 1322 2556; baseline 0.002 -26"><span class='ocrx_word' id='word_1_167' title='bbox 258 2482 366 2546; x_wconf 68' lang='lat'>275011·</span> <span class='ocrx_word' id='word_1_168' title='bbox 395 2472 493 2552; x_wconf 77' lang='lat' dir='ltr'>(aeide</span> <span class='ocrx_word' id='word_1_169' title='bbox 507 2483 537 2533; x_wconf 92' lang='grc' dir='ltr'>ιο</span> <span class='ocrx_word' id='word_1_170' title='bbox 552 2476 716 2556; x_wconf 81' lang='lat' dir='ltr'>Demipho)</span> <span class='ocrx_word' id='word_1_171' title='bbox 747 2473 787 2531; x_wconf 91' lang='lat' dir='ltr'>In</span> <span class='ocrx_word' id='word_1_172' title='bbox 801 2473 836 2532; x_wconf 92' lang='lat' dir='ltr'>id</span> <span class='ocrx_word' id='word_1_173' title='bbox 853 2473 915 2533; x_wconf 81' lang='lat' dir='ltr'>loci</span> <span class='ocrx_word' id='word_1_174' title='bbox 928 2473 1073 2534; x_wconf 66' lang='lat' dir='ltr'>redactus</span> <span class='ocrx_word' id='word_1_175' title='bbox 1089 2492 1168 2549; x_wconf 91' lang='lat' dir='ltr'>sum,</span> <span class='ocrx_word' id='word_1_176' title='bbox 1182 2479 1228 2550; x_wconf 91' lang='lat' dir='ltr'>ut,</span> <span class='ocrx_word' id='word_1_177' title='bbox 1243 2472 1322 2551; x_wconf 91' lang='lat' dir='ltr'>quid</span> 
     </span>
     <span class='ocr_line' id='line_1_23' title="bbox 394 2570 957 2650; baseline 0 -20"><span class='ocrx_word' id='word_1_178' title='bbox 394 2589 483 2646; x_wconf 87' lang='lat' dir='ltr'>agam</span> <span class='ocrx_word' id='word_1_179' title='bbox 499 2590 569 2630; x_wconf 85' lang='lat' dir='ltr'>eum</span> <span class='ocrx_word' id='word_1_180' title='bbox 583 2571 649 2646; x_wconf 87' lang='lat' dir='ltr'>iilo,</span> <span class='ocrx_word' id='word_1_181' title='bbox 664 2581 792 2650; x_wconf 83' lang='lat' dir='ltr'>prorsus</span> <span class='ocrx_word' id='word_1_182' title='bbox 807 2570 957 2631; x_wconf 83' lang='lat' dir='ltr'>nesciam.</span> 
     </span>
    </p>

    <p class='ocr_par' dir='ltr' id='par_1_15' title="bbox 312 2667 1156 2750">
     <span class='ocr_line' id='line_1_24' title="bbox 312 2667 1156 2750; baseline 0.004 -24"><span class='ocrx_word' id='word_1_183' title='bbox 312 2676 367 2727; x_wconf 83' lang='lat' dir='ltr'>De.</span> <span class='ocrx_word' id='word_1_184' title='bbox 394 2667 493 2746; x_wconf 77' lang='lat' dir='ltr'>(aeide</span> <span class='ocrx_word' id='word_1_185' title='bbox 508 2677 537 2728; x_wconf 93' lang='grc' dir='ltr'>ιο</span> <span class='ocrx_word' id='word_1_186' title='bbox 555 2668 707 2750; x_wconf 84' lang='lat' dir='ltr'>Chremes)</span> <span class='ocrx_word' id='word_1_187' title='bbox 737 2669 807 2744; x_wconf 84' lang='lat' dir='ltr'>Ego</span> <span class='ocrx_word' id='word_1_188' title='bbox 823 2668 904 2744; x_wconf 80' lang='lat' dir='ltr'>soi63</span> <span class='ocrx_word' id='word_1_189' title='bbox 926 2668 961 2727; x_wconf 90' lang='lat' dir='ltr'>in</span> <span class='ocrx_word' id='word_1_190' title='bbox 975 2667 1025 2729; x_wconf 84' lang='lat' dir='ltr'>ius</span> <span class='ocrx_word' id='word_1_191' title='bbox 1039 2678 1156 2730; x_wconf 78' lang='lat' dir='ltr'>eamus.</span> 
     </span>
    </p>

    <p class='ocr_par' dir='ltr' id='par_1_16' title="bbox 233 2765 1316 2943">
     <span class='ocr_line' id='line_1_25' title="bbox 233 2765 1316 2846; baseline 0.007 -27"><span class='ocrx_word' id='word_1_192' title='bbox 233 2815 235 2819; x_wconf 87' lang='lat'>.</span> <span class='ocrx_word' id='word_1_193' title='bbox 312 2773 365 2824; x_wconf 79' lang='lat' dir='ltr'>Ph.</span> <span class='ocrx_word' id='word_1_194' title='bbox 394 2765 601 2844; x_wconf 81' lang='lat' dir='ltr'>(overheaririq</span> <span class='ocrx_word' id='word_1_195' title='bbox 628 2768 706 2846; x_wconf 83' lang='lat' dir='ltr'>him)</span> <span class='ocrx_word' id='word_1_196' title='bbox 747 2766 787 2824; x_wconf 90' lang='lat' dir='ltr'>In</span> <span class='ocrx_word' id='word_1_197' title='bbox 823 2765 899 2826; x_wconf 80' lang='lat' dir='ltr'>ius?</span> <span class='ocrx_word' id='word_1_198' title='bbox 940 2765 1024 2841; x_wconf 73' lang='lat' dir='ltr'>Hire,</span> <span class='ocrx_word' id='word_1_199' title='bbox 1061 2775 1089 2827; x_wconf 84' lang='lat' dir='ltr'>si</span> <span class='ocrx_word' id='word_1_200' title='bbox 1123 2766 1200 2845; x_wconf 89' lang='lat' dir='ltr'>quid</span> <span class='ocrx_word' id='word_1_201' title='bbox 1225 2765 1316 2827; x_wconf 85' lang='lat' dir='ltr'>libet.</span> 
     </span>
     <span class='ocr_line' id='line_1_26' title="bbox 395 2860 929 2943; baseline 0.002 -22"><span class='ocrx_word' id='word_1_202' title='bbox 395 2862 499 2940; x_wconf 71' lang='lat' dir='ltr'>(stares</span> <span class='ocrx_word' id='word_1_203' title='bbox 513 2867 643 2923; x_wconf 81' lang='lat' dir='ltr'>towards</span> <span class='ocrx_word' id='word_1_204' title='bbox 661 2860 809 2924; x_wconf 78' lang='lat' dir='ltr'>Chremes&#39;</span> <span class='ocrx_word' id='word_1_205' title='bbox 824 2864 929 2943; x_wconf 79' lang='lat' dir='ltr'>house)</span> 
     </span>
    </p>

    <p class='ocr_par' dir='ltr' id='par_1_17' title="bbox 257 2959 1320 3118">
     <span class='ocr_line' id='line_1_27' title="bbox 257 2959 1320 3044; baseline 0.005 -27"><span class='ocrx_word' id='word_1_206' title='bbox 257 2975 302 3018; x_wconf 86' lang='lat'>280</span> <span class='ocrx_word' id='word_1_207' title='bbox 313 2968 365 3018; x_wconf 81' lang='lat'>011.</span> <span class='ocrx_word' id='word_1_208' title='bbox 394 2959 436 3039; x_wconf 92' lang='grc' dir='ltr'>(ιο</span> <span class='ocrx_word' id='word_1_209' title='bbox 451 2962 613 3044; x_wconf 85' lang='lat' dir='ltr'>Demipho)</span> <span class='ocrx_word' id='word_1_210' title='bbox 640 2962 826 3039; x_wconf 84' lang='lat' dir='ltr'>Assequere,</span> <span class='ocrx_word' id='word_1_211' title='bbox 845 2959 957 3036; x_wconf 81' lang='lat' dir='ltr'>retine,</span> <span class='ocrx_word' id='word_1_212' title='bbox 972 2961 1048 3020; x_wconf 92' lang='lat' dir='ltr'>dum</span> <span class='ocrx_word' id='word_1_213' title='bbox 1065 2979 1122 3038; x_wconf 86' lang='lat' dir='ltr'>ego</span> <span class='ocrx_word' id='word_1_214' title='bbox 1135 2961 1197 3022; x_wconf 81' lang='lat' dir='ltr'>hue</span> <span class='ocrx_word' id='word_1_215' title='bbox 1211 2969 1320 3022; x_wconf 81' lang='lat' dir='ltr'>servos</span> 
     </span>
     <span class='ocr_line' id='line_1_28' title="bbox 393 3067 495 3118; baseline 0.01 -2"><span class='ocrx_word' id='word_1_216' title='bbox 393 3067 495 3118; x_wconf 74' lang='lat' dir='ltr'>evoco.</span> 
     </span>
    </p>

    <p class='ocr_par' dir='ltr' id='par_1_18' title="bbox 311 3156 931 3234">
     <span class='ocr_line' id='line_1_29' title="bbox 311 3156 931 3234; baseline 0.003 -21"><span class='ocrx_word' id='word_1_217' title='bbox 311 3165 364 3214; x_wconf 86' lang='lat' dir='ltr'>De.</span> <span class='ocrx_word' id='word_1_218' title='bbox 392 3156 519 3215; x_wconf 88' lang='lat' dir='ltr'>Etenim</span> <span class='ocrx_word' id='word_1_219' title='bbox 535 3156 619 3216; x_wconf 81' lang='lat' dir='ltr'>solus</span> <span class='ocrx_word' id='word_1_220' title='bbox 634 3165 772 3234; x_wconf 72' lang='lat' dir='ltr'>nequeo,</span> <span class='ocrx_word' id='word_1_221' title='bbox 795 3174 931 3216; x_wconf 87' lang='lat' dir='ltr'>aoourre.</span> 
     </span>
    </p>

    <p class='ocr_par' dir='ltr' id='par_1_19' title="bbox 310 3246 1029 3333">
     <span class='ocr_line' id='line_1_30' title="bbox 310 3246 1029 3333; baseline 0.003 -23"><span class='ocrx_word' id='word_1_222' title='bbox 310 3261 363 3311; x_wconf 79' lang='lat' dir='ltr'>Ph.</span> <span class='ocrx_word' id='word_1_223' title='bbox 393 3254 436 3332; x_wconf 87' lang='grc' dir='ltr'>(ιο</span> <span class='ocrx_word' id='word_1_224' title='bbox 450 3256 612 3333; x_wconf 79' lang='lat' dir='ltr'>Demipho)</span> <span class='ocrx_word' id='word_1_225' title='bbox 637 3246 711 3313; x_wconf 78' lang='lat' dir='ltr'>Una</span> <span class='ocrx_word' id='word_1_226' title='bbox 725 3253 843 3314; x_wconf 77' lang='lat' dir='ltr'>iniuria</span> <span class='ocrx_word' id='word_1_227' title='bbox 855 3259 903 3314; x_wconf 92' lang='lat' dir='ltr'>est</span> <span class='ocrx_word' id='word_1_228' title='bbox 916 3258 1029 3313; x_wconf 73' lang='lat' dir='ltr'>tecum.</span> 
     </span>
    </p>

    <p class='ocr_par' dir='ltr' id='par_1_20' title="bbox 310 3351 876 3431">
     <span class='ocr_line' id='line_1_31' title="bbox 310 3351 876 3431; baseline 0.005 -23"><span class='ocrx_word' id='word_1_229' title='bbox 310 3359 364 3408; x_wconf 86' lang='lat' dir='ltr'>De.</span> <span class='ocrx_word' id='word_1_230' title='bbox 393 3353 435 3428; x_wconf 87' lang='grc' dir='ltr'>(ιο</span> <span class='ocrx_word' id='word_1_231' title='bbox 450 3353 608 3431; x_wconf 82' lang='lat' dir='ltr'>Phormio)</span> <span class='ocrx_word' id='word_1_232' title='bbox 625 3351 708 3426; x_wconf 82' lang='lat' dir='ltr'>Lege</span> <span class='ocrx_word' id='word_1_233' title='bbox 723 3360 796 3426; x_wconf 83' lang='lat' dir='ltr'>ergo</span> <span class='ocrx_word' id='word_1_234' title='bbox 810 3369 876 3426; x_wconf 87' lang='lat' dir='ltr'>age.</span> 
     </span>
    </p>

    <p class='ocr_par' dir='ltr' id='par_1_21' title="bbox 255 3446 1088 3625">
     <span class='ocr_line' id='line_1_32' title="bbox 255 3446 1088 3527; baseline 0.007 -23"><span class='ocrx_word' id='word_1_235' title='bbox 255 3462 300 3519; x_wconf 82' lang='lat'>285</span> <span class='ocrx_word' id='word_1_236' title='bbox 310 3455 363 3506; x_wconf 78' lang='lat' dir='ltr'>Ph.</span> <span class='ocrx_word' id='word_1_237' title='bbox 393 3448 436 3526; x_wconf 91' lang='grc' dir='ltr'>(ιο</span> <span class='ocrx_word' id='word_1_238' title='bbox 454 3447 604 3527; x_wconf 85' lang='lat' dir='ltr'>Chremes)</span> <span class='ocrx_word' id='word_1_239' title='bbox 627 3448 740 3508; x_wconf 87' lang='lat' dir='ltr'>Altera</span> <span class='ocrx_word' id='word_1_240' title='bbox 754 3452 802 3508; x_wconf 89' lang='lat' dir='ltr'>est</span> <span class='ocrx_word' id='word_1_241' title='bbox 816 3453 930 3523; x_wconf 75' lang='lat' dir='ltr'>terum,</span> <span class='ocrx_word' id='word_1_242' title='bbox 947 3446 1088 3510; x_wconf 77' lang='lat' dir='ltr'>Chreme</span> 
     </span>
     <span class='ocr_line' id='line_1_33' title="bbox 311 3543 831 3625; baseline 0.004 -22"><span class='ocrx_word' id='word_1_243' title='bbox 311 3552 364 3607; x_wconf 85' lang='lat' dir='ltr'>ch.</span> <span class='ocrx_word' id='word_1_244' title='bbox 392 3543 435 3624; x_wconf 92' lang='grc' dir='ltr'>(ιο</span> <span class='ocrx_word' id='word_1_245' title='bbox 449 3545 611 3625; x_wconf 80' lang='lat' dir='ltr'>Demipho)</span> <span class='ocrx_word' id='word_1_246' title='bbox 634 3545 724 3622; x_wconf 87' lang='lat' dir='ltr'>Rape</span> <span class='ocrx_word' id='word_1_247' title='bbox 737 3544 831 3605; x_wconf 87' lang='lat' dir='ltr'>hune.</span> 
     </span>
    </p>
   </div>
   <div class='ocr_carea' id='block_1_3' title="bbox 0 0 1492 4184">
    <p class='ocr_par' dir='ltr' id='par_1_22' title="bbox 0 0 1492 4184">
     <span class='ocr_line' id='line_1_34' title="bbox 0 0 1492 4184; baseline 0 3"><span class='ocrx_word' id='word_1_248' title='bbox 0 0 1492 4184; x_wconf 95' lang='lat' dir='ltr'> </span> 
     </span>
    </p>
   </div>
  </div>
 </body>
</html>
