2975 4184
181 404 213 451 v.
225 405 247 450 2.
258 401 340 463 sess]
611 397 765 446 rnonmo
1003 398 1007 405 ’
1150 384 1191 448 37

183 569 234 619 clu
263 559 410 640 (oriprtly)
436 557 660 634 Numquamne
688 553 784 614 hodie
811 551 892 613 mihi
914 553 1065 614 consedes
1089 570 1191 630 neque

263 656 457 731 intelleges?

181 765 235 816 De.
264 755 299 815 Si
313 760 349 814 tir
362 752 445 813 nihil
460 753 597 812 narras?

183 862 235 912 cn.
264 851 494 932 (despuitirrply)
511 848 632 911 Perdis,
1202 868 1231 916 ss

181 960 238 1011 lia.
261 951 361 1009 Miror
376 947 453 1026 quid
468 948 519 1008 sit.

182 1056 235 1105 De.
263 1045 420 1124 Equidem
436 1043 540 1104 hercle
555 1045 668 1105 nescio.

182 1152 234 1202 cin
266 1143 365 1204 Visne
380 1144 483 1202 seire?
504 1141 550 1200 At
566 1141 613 1200 ita
634 1151 683 1201 me
704 1145 809 1200 servet
826 1138 980 1218 Iuppiter,
995 1143 1032 1199 ut
1048 1137 1192 1216 proprior

269 1239 320 1298 illi
334 1244 383 1299 est
396 1248 488 1298 neme
503 1256 597 1315 quam
614 1255 672 1313 ego
687 1256 756 1297 sum
771 1255 807 1297 ao
821 1243 868 1297 tir.

181 1348 235 1398 De.
265 1338 309 1396 Di
320 1342 456 1396 vestram
472 1335 583 1395 fidem!
604 1321 727 1395 Eamus
738 1334 780 1394 ad
793 1334 912 1412 ipsam3
935 1343 999 1394 rina
1012 1342 1119 1393 omnes
1133 1342 1191 1392 nos
1201 1349 1231 1392 σο

266 1435 338 1495 volo
352 1438 407 1494 eut
422 1443 500 1493 seire
515 1437 570 1492 aut
583 1441 704 1493 nescire
718 1431 788 1492 hoe.
832 1431 955 1513 (poley)

182 1541 234 1592 cir.
263 1520 336 1592 [ihi
361 1531 511 1610 (stuppinp
525 1531 602 1612 him)

181 1639 235 1688 De.
263 1629 345 1702 Quid
360 1630 435 1688 est?

182 1735 234 1786 eh.
263 1728 354 1786 Itane
368 1743 496 1804 parram
512 1723 606 1784 fidem
620 1723 701 1784 mihi
716 1742 784 1785 esse
798 1723 884 1801 apud
897 1725 945 1783 te!

181 1833 235 1884 De.
263 1825 362 1885 Visne
376 1832 426 1882 me
441 1822 592 1882 eredere?
614 1822 713 1883 Visne
723 1821 808 1881 istuo
823 1820 902 1882 satis
915 1818 997 1878 mihi
1012 1826 1191 1897 quaesitum
1200 1837 1229 1896 ⁶5

262 1922 356 1982 esse?
378 1921 463 1995 Age3
485 1919 555 1980 fiat.
598 1918 709 1990 Quid?
731 1917 795 1978 illa
805 1927 898 1978 amici
911 1922 1013 1978 nostri
1026 1916 1100 1977 filia
1113 1918 1191 1996 quid

262 2019 405 2080 futurum
422 2019 497 2077 est?

182 2124 234 2175 cir.
264 2117 372 2176 Recte.

182 2223 235 2273 De.
261 2215 355 2273 Hane
369 2210 467 2288 igitur
481 2211 667 2274 mittimus?

183 2319 235 2369 ch.
263 2310 406 2380 Quidni?

181 2417 236 2466 ne.
265 2407 330 2468 Illa
343 2409 495 2468 maneat?

182 2513 234 2564 ch.
263 2504 323 2565 Sio.

181 2611 235 2662 ne.
263 2594 314 2662 Tre
328 2602 426 2678 igitur
439 2601 508 2675 tibi,
522 2602 737 2680 Nausistrata,
752 2602 836 2663 licet.

181 2709 238 2758 iia.
260 2699 311 2760 Sis
330 2699 382 2779 pol
402 2719 470 2760 esse
488 2700 681 2761 commodius
699 2700 733 2759 in
748 2709 856 2760 omnes
877 2697 1022 2774 arbitror,
1038 2716 1133 2776 quam
1152 2705 1190 2759 ut

213 2821 219 2835 .
262 2806 417 2875 coeperas,
432 2796 514 2857 hano
528 2807 671 2874 manere3
693 2816 767 2857 nam
778 2807 848 2857 visa
858 2801 907 2856 est
923 2795 1010 2871 mihi,
1027 2814 1097 2855 oum
1111 2796 1188 2870 vidi,
1200 2818 1228 2864 75

262 2892 467 2973 perliberalis.
511 2894 599 2973 (Exit
613 2899 676 2954 into
694 2894 843 2956 Odremer’
857 2894 972 2974 house.)

181 3001 235 3052 De.
266 2991 479 3072 (impatiently)
495 2991 578 3062 Quid
592 2991 675 3052 istuc
690 2991 849 3069 negotium
867 2992 941 3051 est?

183 3098 234 3148 σὴ.
266 3090 398 3168 (10010109
412 3092 503 3150 about
517 3090 689 3171 orraiously)
706 3091 815 3150 Iamne
830 3087 954 3167 operuit
968 3089 1108 3150 ostium?
1127 3142 1130 3148 .

181 3195 235 3246 De.
264 3187 341 3247 Iam.
1130 3180 1132 3183 ¹

182 3292 235 3343 ch.
263 3275 457 3362 Oluppiter‚
472 3285 506 3344 di
520 3293 577 3345 nos
592 3283 783 3363 respiciunt!
805 3283 921 3346 Filiam
936 3287 1043 3346 inveni
1056 3291 1188 3364 nuptam
1198 3295 1229 3340 80

263 3400 332 3441 oum
349 3382 420 3442 lilio
430 3389 495 3443 tuti.

181 3489 235 3541 De.
263 3481 365 3539 Hem!
401 3481 469 3551 Quo
483 3485 575 3558 paeto
589 3479 659 3539 fieri
673 3479 802 3558 potuit?

182 3585 234 3636 cir.
262 3578 336 3637 Non
351 3576 429 3637 satis
443 3576 532 3636 tritus
547 3577 588 3637 ad
601 3577 792 3637 narrandum
808 3583 856 3637 est
871 3578 923 3638 hio
936 3577 1033 3641 loeus.
