2975 4184
300 393 342 458 38
358 445 361 452 .
726 402 883 450 reseres
1108 399 1150 463 [V.
1161 403 1184 448 2.
1195 403 1307 450 meror
1484 296 1485 343 i

299 569 353 620 De.
382 560 427 619 At
441 564 477 619 tu
491 557 577 620 intro
591 557 652 619 abi.

260 669 289 730 85
300 665 352 716 ch.
380 657 487 718 Heusi
507 665 547 716 ne
562 655 628 716 frlir
642 655 769 735 quidem
783 660 886 717 nostri
900 654 958 715 hoc
973 661 1144 716 resciscant
1158 653 1237 715 volo.
1246 683 1329 844 s

543 785 678 868 (Eccum
692 790 757 846 into
771 786 946 862 Demipho's
962 787 1078 869 house.)

725 982 833 1043 Sonus
853 981 873 1042 3
1249 988 1309 1037 vu

299 1131 411 1215 [Emer
427 1132 563 1211 Actipto
582 1134 646 1192 uod
665 1133 813 1191 Phormio
828 1135 915 1207 from
935 1131 983 1190 ιΙιο
1003 1131 1103 1209 rigia&
1131 1129 1209 1191 Geta
1219 1131 1308 1206 from

654 1229 831 1304 Demipto's
844 1227 962 1311 house]

345 1377 452 1438 Gerr
706 1375 893 1437 Arrrrrro
1068 1376 1260 1436 Puosruro

300 1532 354 1585 Ge.
382 1523 591 1604 (soliloquizes,
611 1534 663 1586 not
680 1527 837 1602 obseroiug
858 1526 906 1584 tte
925 1526 1038 1604 others)
1057 1515 1084 1584 Ο
1101 1525 1257 1584 Fortuna!
1280 1514 1307 1583 0

378 1624 456 1684 Fors
478 1624 627 1698 Fortuna,
642 1629 770 1700 quantis
789 1621 1073 1697 commoditatibus,
1089 1640 1183 1699 quam
1202 1620 1308 1681 subito

377 1729 447 1780 meo
482 1729 535 1780 ero
561 1718 741 1798 Antiphoni
775 1737 835 1797 ope
861 1724 968 1780 vestra
1001 1717 1188 1780 oneravistis
1223 1716 1308 1777 huno

379 1816 492 1876 diem.
514 1861 522 1878 .
544 1818 570 1878 .1

258 1940 289 1986 90
298 1923 357 1973 An.
381 1917 479 1992 (acide
494 1923 523 1974 ιο
537 1915 697 1995 Phormio)
714 1913 870 1984 Quidnam
885 1913 942 1974 hic
953 1913 1014 1974 sibi
1028 1912 1125 1974 vult?

298 2017 353 2070 Ge.
381 2009 795 2092 (coutinuiugtissoliloquy)
813 2056 820 2071 .
839 2056 847 2072 .
866 2055 874 2071 .
892 2021 1009 2088 nosque
1021 2020 1136 2072 amicos
1144 2009 1211 2071 eius
1221 2014 1308 2070 metu

379 2109 624 2170 exoneravistis!
657 2109 719 2169 Sed
742 2127 839 2186 egone
859 2127 943 2168 nunc
961 2108 1040 2167 mihi
1054 2117 1152 2183 cesso,
1167 2117 1222 2185 qui
1243 2115 1307 2167 non

379 2205 463 2266 hunc
478 2225 619 2266 umerum
639 2215 733 2267 onero
753 2206 861 2284 pallio,
876 2211 971 2284 atque
990 2205 1148 2266 hominem
1165 2205 1307 2264 invenire

378 2289 520 2382 propero,
543 2309 580 2364 ut
606 2304 684 2364 haec
712 2322 792 2381 quae
820 2303 1011 2381 contigerint
1038 2302 1141 2364 sciat?
1185 2302 1309 2374 (ttrows

258 2418 288 2466 95
378 2403 426 2461 tis
440 2403 525 2461 oloule
540 2403 671 2461 coortis
685 2403 839 2480 shoulder)

299 2508 358 2558 An.
382 2498 481 2576 (usidc
491 2506 520 2557 ιο
532 2500 691 2579 Phormio)
703 2499 790 2557 Num
802 2503 838 2557 tu
849 2496 1018 2576 intellegis,
1028 2496 1107 2576 quid
1117 2497 1169 2557 hio
1178 2498 1307 2572 narret?

298 2604 352 2654 Ph.
382 2594 481 2672 (asido
495 2603 525 2654 ιο
539 2594 688 2677 Antipho)
704 2595 792 2655 Num
806 2596 866 2655 m?

298 2702 357 2751 An.
377 2690 478 2751 Nihil.

298 2797 352 2847 Ph.
380 2789 447 2864 Ego
461 2789 657 2849 tantundem

245 2918 290 2949 100
299 2892 353 2945 Ge.
382 2883 425 2963 (ιο
438 2887 566 2962 ltiomelf,
578 2890 707 2964 sturtiuy
721 2893 751 2946 ιο
764 2887 837 2968 ruo)
851 2885 902 2947 Ad
913 2884 1084 2948 Dorionem
1097 2887 1172 2950 hinc
1186 2898 1231 2949 ire
1241 2907 1310 2968 per·

380 3001 468 3059 gam3
491 2982 535 3043 ibi
550 2999 633 3043 nunc
648 2990 730 3044 suut.

299 3089 359 3138 An.
386 3079 486 3155 Heus,
509 3080 606 3141 Geta!

300 3184 353 3237 Ge.
384 3175 448 3256 (mot
462 3180 585 3255 turning
595 3181 708 3261 round)
724 3179 785 3237 Em
799 3178 877 3240 tibii
897 3179 984 3239 Num
995 3187 1110 3238 mirum
1121 3185 1178 3242 aut
1191 3199 1309 3241 novum

381 3278 429 3334 est
444 3283 592 3351 revocari,
607 3294 678 3335 cum
693 3294 817 3336 cursum
833 3275 1016 3338 institeris?

245 3394 289 3441 105
299 3382 359 3431 An.
388 3371 487 3431 Geta!

300 3476 353 3529 Ge.
383 3467 495 3549 (acide)
509 3469 617 3547 Pergit
631 3468 747 3532 hercle.
791 3471 910 3553 (cloud)
921 3470 1102 3552 Numquam
1117 3472 1190 3535 odio
1202 3478 1259 3533 tuo
1272 3477 1310 3533 tu

381 3576 431 3626 me
446 3566 564 3628 vinces.
