2975 4184
297 359 340 426 42
418 431 422 439 ⁸
721 373 878 420 umucu
1116 370 1306 430 [v.4.1e1-222

377 529 504 590 extrudi
523 534 571 589 est
594 528 727 607 turpe:''
752 529 852 589 ferme
875 527 985 588 eedem
1006 525 1113 588 omnia
1132 545 1212 605 quae
1235 531 1305 586 tute

378 627 495 686 dudum
510 635 615 686 ceram
629 624 709 684 mihi
723 625 888 686 obieceres.
918 696 920 700 ¹

297 733 350 784 Plu
377 725 593 806 (indiqnautly)
614 723 702 783 ,Satis
717 713 849 800 superbe
863 732 914 782 me
928 721 1073 784 illuditis.

296 830 351 882 De.
376 822 463 892 Qui?

243 928 349 988 1951³lu
376 919 510 996 Reges?
551 918 633 990 Quia
652 926 692 976 ne
713 915 845 977 alteram
865 917 994 994 quidem
1013 916 1101 977 illam
1121 918 1233 978 dimere
1254 936 1306 995 po-

377 1021 463 1090 ter63
494 1035 565 1076 nam
588 1024 651 1092 que
672 1023 724 1074 (ire
744 1014 853 1074 redibo
874 1014 915 1074 ad
935 1032 1012 1090 eam,
1035 1033 1129 1091 quam
1150 1020 1307 1092 contemp

379 1114 499 1174 serim?

299 1219 350 1270 ch.
378 1213 480 1289 (upari
501 1219 530 1270 to
551 1211 709 1286 Demipho,
727 1212 905 1286 promptinp
924 1210 1003 1291 him)
1034 1211 1147 1269 “Tum
1167 1209 1304 1284 autem,''

379 1309 482 1384 inque,
504 1306 625 1367 “videti
644 1305 863 1385 Antiphonem
883 1305 1020 1366 invitum
1045 1325 1116 1366 eam
1139 1306 1179 1366 ab
1203 1315 1237 1366 se
1261 1307 1308 1365 di-

244 1427 289 1458 200
379 1405 534 1465 mittere.''
1269 1478 1271 1481 Ι

298 1511 352 1562 De.
384 1501 563 1585 (repeatinp)
587 1503 667 1561 Tum
692 1508 807 1579 autem,
829 1500 922 1561 videi
942 1501 1049 1560 fflium
1071 1511 1146 1562 sene
1168 1501 1307 1560 invitum

379 1599 543 1659 mulierem
553 1599 593 1659 ab
601 1609 635 1660 se
646 1599 814 1660 dimittere.
858 1599 921 1659 Sed
929 1604 1030 1658 transi
1041 1599 1132 1659 sedes
1147 1600 1187 1659 ad
1201 1599 1307 1658 forum

379 1703 473 1774 atque
501 1696 584 1756 illud
611 1703 775 1774 argentum
804 1695 878 1756 iube
904 1705 1029 1757 rursum
1056 1696 1137 1755 mihi
1164 1694 1306 1773 rescribi,

379 1793 538 1854 Phormid.

245 1900 354 1959 2051³1u
379 1891 509 1962 Quodne
524 1910 581 1967 ego
595 1901 687 1970 porro
701 1889 768 1951 iliis
783 1890 939 1969 discripsi,
955 1889 1069 1968 quibus
1085 1891 1206 1952 debui?

300 1996 354 2048 De.
383 1989 467 2059 Quid
482 1986 578 2064 igitur
592 1989 676 2049 fiet?

300 2093 353 2145 Ph.
385 2085 419 2146 Si
433 2095 481 2145 vis
495 2096 623 2146 uxerem
638 2085 718 2146 mihi
732 2087 817 2162 dare,
833 2106 928 2165 quam
951 2085 1158 2165 despondisti,
1174 2085 1306 2161 diruam3

381 2192 432 2244 sin
446 2188 503 2259 est,
517 2188 554 2243 ut
567 2183 647 2244 velis
662 2183 750 2243 illam
765 2193 890 2244 manere
910 2184 994 2262 apud
1009 2189 1050 2259 te,
1065 2183 1234 2262 Demipho,
1250 2183 1308 2242 des

380 2279 433 2340 hie
449 2281 603 2360 (pointinp
616 2290 645 2340 to
659 2282 798 2361 himself)
814 2287 949 2342 maneat.
991 2280 1074 2341 Nam
1088 2290 1153 2340 nen
1172 2299 1307 2358 aequum

245 2404 292 2436 210
379 2383 429 2439 est
452 2389 502 2438 me
525 2383 653 2457 propter
670 2388 726 2439 ves
749 2377 863 2456 decipi,
881 2397 951 2439 eum
978 2396 1034 2454 ego
1057 2383 1156 2438 vestri
1178 2375 1308 2437 honeris

382 2485 477 2537 cause
500 2476 592 2537 alteri
610 2475 778 2554 repudium
802 2475 987 2551 remiserim,
1012 2492 1093 2552 quae
1120 2474 1311 2537 tantundem

382 2574 465 2634 detis
480 2574 584 2633 dabat.
642 2572 688 2632 s

301 2679 356 2730 De.
386 2670 565 2751 (seriously)
589 2661 606 2729 Ῑ
627 2669 660 2729 in
679 2669 795 2730 malem
815 2688 881 2729 rem
900 2669 975 2728 hine
994 2688 1064 2729 eum
1084 2670 1148 2729 ista
1166 2667 1310 2744 magnifi-

383 2768 493 2842 centia,
505 2768 650 2843 fugitive.
692 2765 800 2826 Etiam
816 2785 900 2826 nune
913 2765 1016 2826 eredis
1030 2771 1064 2824 te
1077 2771 1133 2825 aut
1145 2771 1203 2826 tua
1221 2766 1309 2826 fecta

246 2898 290 2944 2¹5
382 2864 458 2924 adei)
472 2865 636 2940 ignorari?

300 2971 354 3021 Ph.
382 2963 429 3039 (m
436 2965 598 3038 pretended
612 2962 717 3043 anper)
734 2961 857 3020 Irritor.

300 3069 353 3119 ne.
384 3061 473 3119 Time
486 3059 567 3120 hane
582 3059 719 3134 duceres,
735 3067 764 3120 si
778 3058 838 3118 tibi
853 3057 1012 3119 deretur?

299 3166 353 3216 Ph.
379 3158 443 3217 Fae
456 3155 639 3235 perieulum.

299 3265 353 3314 De.
382 3256 465 3326 Quin
480 3260 517 3314 tii
530 3252 610 3313 mihi
624 3259 789 3330 argentum
802 3253 886 3314 cedo.

244 3381 289 3413 κο
298 3361 353 3411 1³11.
382 3352 484 3412 Immti
498 3361 572 3411 verti
587 3357 622 3410 tir
636 3360 766 3411 uxerem
780 3350 865 3410 eede.

298 3457 353 3508 De.
381 3449 421 3507 In
435 3448 485 3508 iiis
500 3447 645 3509 ambula!

297 3555 352 3605 Pir
380 3546 551 3606 Enimvero
566 3555 593 3606 si
606 3554 699 3630 porro
713 3542 847 3622 pergitis
861 3560 931 3604 esse
946 3543 1049 3606 odies!
1067 3588 1076 3606 .
1098 3589 1108 3610 .
1127 3587 1138 3608 .
