2975 4184
313 398 356 465 48
739 412 895 461 musca
1131 413 1321 477 [vacuus

313 577 365 628 ch.
393 566 539 651 (uuquly)
564 570 664 631 Hem!
707 569 784 647 quid
799 568 873 631 ais?

312 675 369 725 Na.
396 667 613 745 (surcusticully
626 666 656 727 tc
673 667 826 748 Chremes)
848 666 979 728 Adeone
998 665 1163 743 indignum
1184 668 1243 729 hoc
1260 669 1321 730 tibi

258 782 303 838 380
392 764 526 839 videtur,
549 773 576 824 si
596 764 696 839 filius,
719 764 812 823 home
833 764 1031 839 adulescens,
1048 775 1143 824 unam
1164 765 1269 841 habet,
1283 772 1320 825 tu

392 869 506 921 uxores
527 860 631 920 duas?
672 860 766 919 Nihil
791 860 935 939 pudere?
978 861 1045 932 Qun
1066 870 1119 922 dre
1139 861 1319 940 obiurgabis

393 957 511 1018 illum?
552 958 721 1036 Responde
735 956 824 1018 mihi.

312 1065 365 1115 De.
392 1055 500 1116 Faciet
514 1061 551 1115 ut
564 1054 660 1115 voles.

311 1162 368 1211 lta.
395 1153 506 1229 Immo,
531 1158 568 1213 ut
587 1171 687 1213 meam
711 1152 900 1215 sententiam
928 1154 992 1214 iam
1017 1153 1108 1230 scias,
1134 1173 1191 1231 ego
1215 1174 1319 1233 neque

257 1268 300 1324 385
392 1250 519 1328 ignesco
539 1268 640 1327 neque
662 1251 813 1328 promitto
834 1250 1001 1329 quicquam
1022 1270 1124 1329 neque
1145 1252 1319 1329 respondeo

392 1347 573 1425 priusquam
607 1346 713 1407 filium
755 1347 882 1423 vider63
918 1347 1069 1425 permitti>
1100 1347 1168 1408 eius
1202 1348 1320 1409 indicis>

392 1444 505 1503 omnia.
548 1444 674 1504 Faciam
696 1444 781 1521 quod
802 1444 830 1504 is
853 1443 982 1506 iubebit.

310 1550 364 1601 1³11.
390 1540 507 1601 Mulier
521 1541 646 1619 sapiens
661 1560 703 1616 es,
717 1541 929 1601 Nausistrata

310 1648 367 1698 Na.
395 1638 437 1717 (tc
452 1639 613 1720 Demipho)
638 1637 764 1698 Satisne
778 1636 839 1698 tibi
854 1639 928 1698 est?

256 1766 302 1811 390
311 1745 364 1795 De.
391 1735 451 1795 Ida.

312 1841 364 1892 cn.
390 1833 433 1911 (tc
453 1834 592 1915 himself)
608 1832 710 1893 Immc
729 1841 804 1893 vere
824 1831 954 1910 pulchre
975 1832 1102 1894 discedo
1119 1840 1152 1893 et
1172 1833 1267 1912 probe
1286 1839 1320 1894 et

391 1936 515 2008 praeter
530 1949 627 2008 spem.

310 2036 367 2086 Na.
395 2025 438 2105 (tc
452 2029 612 2109 Phormio)
635 2029 685 2086 Tu
700 2031 789 2087 tuum
805 2036 921 2086 numen
935 2028 985 2086 dic
999 2027 1077 2105 qnid
1092 2027 1142 2088 sit.

310 2132 363 2183 Plu
390 2124 555 2184 Phormio:
578 2131 699 2185 vestrae
713 2123 856 2184 familiae
870 2124 974 2183 hercle
989 2134 1117 2199 amicus,
1129 2130 1162 2184 et
1176 2142 1318 2185 summus

256 2249 300 2297 ³95
389 2226 445 2281 tud
459 2220 642 2281 Phaedriae.

309 2326 366 2377 Na.
392 2319 438 2378 At
452 2337 509 2395 ego
524 2324 653 2393 ecastor,
669 2317 828 2393 Phormic,
843 2317 975 2396 posthac
992 2318 1060 2395 tibi,
1076 2318 1180 2397 quoad
1197 2324 1317 2398 potere,

392 2416 476 2494 quod
491 2416 576 2476 voles
591 2415 706 2475 faciam
721 2419 754 2475 et
768 2415 879 2475 dicam.

310 2522 363 2572 Plu
390 2512 532 2589 Benigne
547 2512 636 2574 dicis.

310 2620 367 2669 Na.
392 2610 451 2669 Pol
467 2609 613 2669 meritum
628 2614 678 2669 est
691 2614 791 2669 tuum.

255 2715 363 2775 4:01³h.
388 2708 486 2768 Visne
511 2716 647 2792 primum
671 2706 766 2766 hodie
789 2706 825 2766 id
843 2706 961 2782 tacere,
985 2716 1047 2784 quc
1072 2724 1129 2783 ego
1153 2706 1316 2783 gaudeam,

389 2803 602 2879 Nausistrata,
617 2809 649 2864 et
663 2804 747 2863 oculi
760 2809 816 2864 tue
829 2803 899 2863 vird
914 2802 1068 2864 doleant?

309 2910 367 2961 Na.
393 2899 502 2977 Cupit.

310 3005 363 3056 Pu
389 2998 443 3055 Me
458 2997 498 3057 ad
512 3008 620 3058 cenam
636 3006 720 3057 voca.

309 3103 366 3151 Na.
392 3093 451 3154 Pol
467 3104 540 3155 vere
559 3104 645 3154 voco.

255 3221 300 3266 405
309 3200 363 3250 Ph.
388 3192 507 3254 Eamus
522 3191 596 3251 hinc
610 3191 703 3252 intro.

309 3298 367 3348 Na.
393 3290 480 3349 Fiat!
524 3289 585 3349 Sed
599 3288 653 3350 ubi
668 3295 717 3350 est
730 3289 897 3365 Phaedria,
912 3288 1008 3349 iudex
1021 3291 1154 3350 noster?

309 3395 364 3446 Plu
390 3386 516 3446 Faciam
549 3392 585 3445 ut
616 3386 679 3446 iam
712 3386 764 3446 hic
789 3387 880 3447 adsit.
925 3387 968 3465 (to
996 3388 1043 3446 tte
1070 3387 1229 3468 audiencc)
1249 3385 1317 3446 Vds

392 3483 494 3543 valete
509 3489 541 3542 et
555 3482 713 3560 plaudite!
752 3484 840 3563 (Eaeu
864 3492 893 3543 to
916 3485 1004 3561 rtuht.
1047 3484 1169 3543 Eccum
1190 3484 1237 3543 the
1256 3490 1318 3543 cest

391 3584 455 3640 into
472 3569 618 3641 Chremes
634 3581 748 3663 house.)
