2975 4184
162 386 206 435 Ν.
217 388 240 433 4.
253 384 364 446 merse]
589 382 742 431 enorme
1128 368 1169 432 33

162 552 214 602 8ο.
243 541 285 622 (ιο
300 544 429 624 herself)
452 541 541 613 Quod
552 547 589 601 ut
602 541 739 601 facerem
751 545 874 615 egestas
889 549 939 598 me
951 537 1087 617 impulit,
1098 556 1170 598 cum
1182 549 1226 592 160

243 649 354 700 scirem
376 640 433 700 hes
448 639 577 717 m‘rpties
599 637 738 698 infirmes
760 655 839 712 esse,
854 642 890 696 ut
911 635 945 695 id
967 634 1170 710 consulerem,

243 743 279 797 ut
292 737 414 797 interea
429 736 542 796 vitain
557 741 627 795 rme
642 740 733 795 esset.

163 843 215 894 oh.
245 833 356 916 (aeide)
387 834 478 895 Certe
507 832 642 910 quidem,
672 831 735 891 nisi
764 841 814 890 me
843 830 965 892 animus
994 829 1092 906 fallis,
1115 836 1171 890 eut

242 951 352 1010 perum
368 930 564 1009 prospiciunt
579 929 670 1003 oculi,
685 928 776 988 filiae
793 946 879 988 meae
898 933 1054 988 nutricem
1068 927 1169 989 rides.

163 1039 216 1090 So.
244 1028 286 1109 (ιο
301 1031 428 1108 herself)
458 1028 570 1104 Neque
583 1026 640 1087 ille
654 1026 865 1102 investigatur
886 1069 894 1085 .
917 1068 956 1087 ..
1183 1035 1226 1093 165

164 1136 216 1185 ch.
243 1125 354 1205 (aeide)
378 1125 459 1196 Quid
474 1126 591 1201 agam?

164 1231 216 1283 So.
245 1223 288 1301 (ιο
302 1225 433 1305 herself)
464 1268 471 1282 .
494 1267 501 1282 .
524 1266 531 1281 .
554 1229 611 1299 qui
625 1226 674 1282 est
688 1220 755 1281 eius
770 1227 868 1299 pater.

163 1328 216 1379 ctr.
244 1320 355 1402 (aeide)
384 1320 504 1379 Adeem
520 1338 559 1379 an
579 1336 731 1394 maneam,
747 1319 821 1378 dum
841 1319 917 1379 haec
934 1336 1014 1396 quae
1031 1317 1172 1396 loquitur

243 1417 342 1492 magis
359 1418 568 1493 cognoscam?

164 1522 217 1574 So.
244 1513 287 1593 (ιο
301 1516 429 1596 herself)
453 1513 542 1584 Quod
557 1521 585 1574 sI
599 1532 682 1574 nunc
700 1532 770 1574 eum
788 1522 924 1591 reperire
945 1513 1075 1592 possim,
1089 1512 1172 1573 nihil
1185 1533 1228 1579 170

244 1616 292 1672 est
306 1611 390 1689 quod
404 1630 520 1671 verear.

164 1717 216 1768 ch.
242 1708 352 1789 (aeide)
382 1710 430 1768 Ea
443 1713 493 1769 est
507 1708 593 1786 ipsa3
615 1708 784 1786 colloquar.
814 1706 1012 1788 (appreeehes
1025 1708 1091 1790 her)

165 1815 217 1866 So.
245 1807 395 1888 (stertlech)
426 1805 503 1876 Quis
517 1806 568 1865 hic
583 1806 750 1883 loquitur?

165 1912 217 1963 ch.
246 1904 368 1982 (cehlirrq
382 1912 411 1963 ιο
426 1904 491 1984 her)
522 1903 701 1981 sephrona!
806 1978 808 1983 Ι

165 2010 218 2061 So.
246 1999 358 2082 (eride)
388 2001 432 2060 Et
447 2019 551 2059 meum
565 2009 679 2060 nemen
693 2000 863 2061 nominat?

165 2106 217 2157 011.
243 2098 378 2176 Respice
393 2097 434 2158 ad
449 2108 507 2157 me.
1103 2169 1107 2177 ι

165 2204 218 2255 so.
244 2193 397 2274 (amared)
422 2195 474 2273 DI,
489 2196 616 2255 obsecre
630 2203 696 2271 ves,
711 2200 800 2256 estne
814 2194 867 2255 hic
882 2195 1012 2274 Stilpo?

166 2301 217 2352 ch.
244 2293 326 2352 Non.

166 2398 219 2450 Βο.
243 2391 376 2466 Negas?

166 2495 218 2546 oh.
243 2487 400 2567 (speahhw
422 2492 455 2547 ιο,
469 2509 490 2549 ο
508 2490 563 2548 how
588 2490 651 2548 arrd
675 2491 789 2547 eceited
813 2489 892 2569 terre)
916 2487 1058 2549 Concede
1081 2489 1173 2549 sedes
1184 2497 1229 2541 180

246 2585 321 2644 hinc
342 2595 360 2644 a
381 2586 502 2646 foribus
524 2585 662 2663 paulum,
679 2585 849 2663 sephrona„
898 2587 999 2664 (They
1017 2588 1173 2646 withdraw

246 2690 275 2742 ιο
289 2702 344 2742 erre
359 2684 446 2764 side.)
487 2682 566 2742 Noli
579 2692 629 2741 me
644 2682 705 2742 iste
720 2682 846 2741 nemine
861 2682 992 2760 posthac
1004 2682 1171 2761 appellere.

167 2788 219 2839 So.
246 2780 354 2850 Quid?
395 2781 510 2842 Ncnne
524 2800 567 2857 ee,
583 2781 718 2856 obsecre,
735 2798 829 2857 quem
844 2797 967 2858 semper
981 2785 1015 2840 te
1029 2799 1097 2842 esse
1112 2780 1174 2840 die

247 2876 410 2938 hiteristi?

168 2981 219 3033 ch.
248 2973 381 3053 (lechirrq
395 2979 532 3037 ehermed
546 2979 660 3037 toward
674 2977 721 3035 his
735 2976 839 3056 horse)
870 2974 922 3037 ser
1185 2985 1229 3042 185

168 3079 220 3131 So.
246 3073 328 3144 Quid
342 3074 400 3134 hes
415 3075 498 3134 fores
514 3075 654 3135 metuis?
943 3081 945 3093 '

168 3177 221 3228 oh.
248 3168 295 3248 (ih
309 3190 329 3230 ο
342 3173 405 3247 lew,
418 3176 595 3249 mysteriows
608 3173 688 3253 terre)
710 3172 895 3234 Conclsrsam
907 3183 1037 3234 uxerem
1049 3190 1175 3233 saevam

235 3268 301 3328 ,hic
315 3268 430 3345 habe63
454 3279 560 3328 verum
575 3280 613 3330 ee
627 3280 678 3329 me
692 3270 755 3331 iste
768 3271 894 3331 nemine
912 3290 1075 3350 perperam
1098 3270 1174 3330 elim

248 3365 324 3441 dixi,
341 3376 380 3426 ne
393 3367 476 3426 forte
492 3377 547 3427 res
558 3367 773 3446 imprssdentes
788 3369 866 3430 foris
882 3363 1065 3430 effuttiretis
1080 3374 1175 3448 atque

249 3462 283 3523 id
297 3473 390 3542 porre
404 3464 511 3542 alique
527 3466 618 3525 mode
632 3484 711 3525 uxor
725 3484 796 3526 mee.
809 3473 999 3528 rescisceret.
1027 3528 1030 3536 ,
1186 3480 1232 3527 190

169 3569 224 3622 So.
248 3562 296 3622 Εὸ
310 3561 363 3640 pol
378 3558 435 3623 nes
451 3562 582 3623 miserae
598 3570 630 3623 te
648 3563 699 3624 hic
718 3563 861 3625 invenire
882 3584 1054 3642 numquam
1075 3566 1176 3644 potui·

251 3678 329 3720 mus.
