2975 4184
605 1185 690 1250 Aci
717 1185 767 1249 IV

513 1345 516 1350 Ι
615 1381 723 1442 Souuu
743 1381 763 1442 1
1117 1390 1193 1438 1v.r

189 1527 305 1612 [Euier
327 1529 405 1592 Geta
418 1531 506 1609 srom
525 1531 574 1590 the
588 1531 678 1608 riphi,
692 1507 844 1606 Demipho
864 1532 929 1590 aad
951 1527 1093 1592 Chremes
1105 1531 1196 1620 from¹

269 1629 316 1689 the
338 1630 403 1704 lest.
450 1629 511 1687 The
534 1629 622 1687 latter
641 1628 698 1686 hoe
715 1630 783 1703 jort
802 1629 926 1688 arrived
943 1630 1029 1703 from
1052 1627 1192 1687 Lemnos.

272 1725 350 1786 Geta
363 1726 558 1802 aoldoquiree,
571 1732 624 1784 aot
637 1726 794 1802 obser-vim
807 1725 854 1784 tie
868 1732 924 1784 two
938 1726 988 1784 old
1001 1724 1097 1806 mem]

309 1873 419 1934 euri
558 1871 752 1932 Dumrno
887 1871 1074 1933 (ineamus

188 2029 243 2080 Ge.
270 2017 313 2099 (to
337 2020 476 2102 hirmelf)
505 2019 575 2095 Ego
598 2017 756 2078 neminem
783 2018 978 2079 callidiorem
1004 2018 1073 2101 vidi
1100 2037 1194 2096 quam

269 2115 501 2178 Phormionem.
523 2117 635 2196 ,Veni
655 2114 703 2175 'ad
730 2115 898 2192 hominem,
923 2120 960 2176 ut
986 2117 1123 2176 dicerem
1150 2135 1195 2177 ar-

270 2218 364 2290 gento
391 2231 469 2292 opus
494 2230 572 2288 esse,
595 2218 627 2273 et
651 2222 714 2290 quo
737 2218 830 2290 paeto
855 2212 889 2273 id
912 2213 1011 2275 fieret.
1052 2213 1194 2274 Vixdum

270 2309 437 2370 dimidium
460 2309 610 2386 dixeram,
632 2308 687 2370 ille
711 2308 929 2388 intellexerat,
960 2310 1123 2386 gaudebat,
1144 2320 1195 2370 me

270 2407 429 2483 laudabat,
458 2426 562 2468 senem
595 2407 775 2484 quaerebat.
830 2408 890 2468 Dia
922 2408 1040 2484 gratiis
1073 2407 1194 2484 agebat,
1221 2435 1234 2482 ς

271 2505 356 2583 quod
374 2509 499 2582 tempus
514 2503 576 2564 sibi
590 2504 726 2579 daretur,
741 2503 798 2564 ubi
816 2504 991 2565 Phaedriae
1008 2514 1072 2564 non
1091 2504 1195 2564 miuus

271 2621 366 2681 quam
380 2600 560 2679 Antiphoni
574 2601 755 2661 ostenderet
769 2611 803 2661 se
818 2619 885 2662 ease
901 2610 1043 2662 amioum.
1087 2601 1196 2661 Homi-

270 2717 344 2760 nem
370 2697 537 2759 odiorum
560 2697 640 2758 iussi
664 2707 819 2776 opperiri;
851 2707 888 2758 eo
915 2707 965 2757 me
993 2716 1099 2758 senem
1127 2717 1195 2759 esse

271 2797 490 2858 adducturum.
532 2795 659 2876 (eoiotea
680 2797 758 2872 riphe
785 2798 823 2871 os
843 2796 1007 2876 Demipho)
1029 2795 1091 2856 Sed
1109 2796 1193 2856 ecee!

270 2892 339 2972 ipso
353 2899 410 2953 est.
453 2891 530 2963 Quis
545 2897 593 2952 est
607 2891 762 2952 ulterior?
803 2891 850 2972 (io
864 2895 993 2969 dismay,
1008 2897 1196 2971 reoopaiziaq
1206 2921 1235 2952 ιο

165 3024 168 3030 ¹
274 2990 427 3071 Chremes)
443 2989 543 3049 Hem!
585 2987 761 3049 Phaedriae
774 2995 864 3067 pater
879 2989 976 3049 venit.
992 2989 1105 3073 ,imore
1120 3009 1196 3050 eoue-

265 3089 376 3169 poeed)
399 3085 461 3146 Sed
476 3085 553 3163 quid
566 3085 724 3163 pertimui,
738 3085 855 3146 belua?
896 3086 949 3145 An
966 3086 1041 3164 quia
1057 3096 1114 3165 pro
1132 3095 1195 3146 uno

271 3183 334 3244 duo
352 3182 434 3243 mihi
453 3183 520 3242 dati
540 3188 715 3260 suntquis
735 3182 869 3242 fallam?
911 3183 1112 3244 Commodius
1127 3201 1195 3244 esse

270 3289 382 3360 opinor
403 3278 524 3358 duplici
545 3288 600 3356 spe
620 3284 678 3338 uti.
720 3278 808 3340 Hine
828 3286 934 3358 petam
955 3281 1039 3341 unde
1060 3289 1196 3358 aprimo

270 3377 377 3438 institi
386 3400 393 3453 3
415 3375 444 3437 is
463 3385 491 3436 si
508 3376 572 3450 dat,
587 3375 665 3436 satis
684 3380 741 3436 est.
785 3376 820 3437 Si
837 3378 876 3438 ab
893 3387 930 3438 eo
946 3377 1028 3437 nihil
1043 3377 1112 3451 fiet,
1126 3383 1194 3437 tum
1206 3401 1234 3448 15

270 3473 355 3535 hune
368 3472 525 3551 hospitem
540 3472 672 3533 adoriar.
707 3471 845 3552 (Oroaaee
855 3478 986 3536 towards
996 3477 1043 3534 ite
1054 3477 1103 3535 old
1117 3493 1194 3551 men,

270 3573 336 3632 who
349 3589 402 3632 ore
418 3574 451 3631 ia
462 3573 603 3648 frontes
613 3569 762 3632 curemee
777 3572 891 3653 house.)

679 3667 712 3718 27
