2975 4184
313 373 354 438 12
738 385 894 433 Tnauuou
984 430 986 433 ,
1129 381 1172 444 [11.
1183 385 1207 430 a
1218 385 1333 431 nera

311 550 365 601 De.
398 541 443 621 (ιο
465 544 604 624 blancis)
633 543 752 624 {erum
781 539 940 615 scientem,
968 538 1102 600 tacitum
1129 537 1319 599 adversariis

392 656 517 698 causam
532 640 704 699 tradere»-
713 638 786 697 idne
801 637 896 696 etiam
911 636 1014 712 coegit
1026 634 1102 696 lex?

312 744 365 794 Ph.
395 734 491 814 (auide
506 744 535 794 ιο
554 736 643 814 Gelu)
658 734 745 794 Illud
760 734 882 794 durum.

312 840 364 891 Ge.
394 831 492 910 (cecide
506 841 535 891 ιο
550 833 719 913 Phaedria)
735 832 803 906 Ego
817 830 1119 924 explicabe—sine.
1195 867 1197 869 ·

258 957 301 987 110
311 936 364 986 Do.
393 928 437 1007 (ιο
450 930 587 1010 cinaeis)
604 928 764 988 Incertum
778 933 827 988 est
841 927 917 1007 quid
933 947 1033 1005 agam,
1045 921 1121 1008 quia
1134 927 1319 989 incredibile

392 1031 486 1104 atque
507 1031 632 1104 praeter
651 1043 738 1102 spem
759 1023 817 1084 hoo
838 1025 918 1085 mihi
939 1026 1061 1103 obtigit.
1105 1028 1157 1086 Ita
1177 1026 1319 1086 irritatus

392 1142 470 1199 sum,
484 1129 522 1183 ut
539 1122 678 1182 animum
695 1140 847 1200 nequeam
866 1124 906 1183 ad
922 1125 1126 1201 cogitandum
1143 1124 1318 1184 instituere.

391 1219 491 1292 Quam
505 1219 545 1281 ob
556 1229 753 1298 rem-omnes,
765 1238 836 1292 cum
851 1230 901 1281 res
915 1226 990 1281 sunt
1003 1221 1140 1282 maxime
1155 1221 1320 1300 secundae,

391 1324 460 1378 tum
480 1317 616 1378 maxime
637 1327 743 1377 secum
762 1318 910 1378 meditari
929 1323 1140 1397 oportetque
1160 1322 1253 1395 pacto
1270 1317 1321 1376 ad-

273 1443 283 1473 1
391 1425 498 1501 versos
520 1415 641 1475 labores
664 1414 778 1490 ferant,
801 1420 856 1475 aut
876 1414 929 1474 mr
953 1421 1116 1493 peccatum
1137 1420 1192 1476 aut
1213 1414 1320 1474 uxoris

390 1518 522 1572 mortem
543 1518 598 1572 aut
625 1511 715 1572 filiae
743 1513 903 1589 morbum3
939 1512 1016 1572 haec
1037 1531 1106 1572 esse
1133 1510 1319 1585 communia,

391 1619 431 1670 ne
442 1609 519 1687 quid
530 1610 651 1670 accidat
662 1609 767 1670 animo
778 1629 911 1686 novum3
931 1609 1087 1688 quidquid
1097 1617 1221 1688 praeter
1232 1626 1318 1686 spem

392 1707 525 1780 eveniat,
541 1725 632 1766 omne
647 1706 679 1766 id
694 1702 944 1797 nutareloportet
957 1725 1026 1767 esse
1041 1706 1075 1765 in
1088 1706 1183 1766 lucro.
1229 1717 1254 1808 s

310 1813 364 1864 Ge.
390 1804 501 1884 (aeide)
529 1803 555 1864 Ο
576 1803 741 1878 Phaedria,
771 1803 956 1864 incredibile
981 1809 1030 1864 est
1052 1808 1204 1881 quantum
1232 1822 1320 1863 erum

256 1927 300 1958 120
393 1906 535 1962 anteeam
557 1900 720 1978 sapientie.
744 1900 962 1979 (auricularinq
981 1901 1159 1976 Demr'plzo'e
1178 1901 1319 1981 manner)

393 2000 461 2075 Ego
482 1997 588 2059 omnia
608 2015 677 2057 mea
697 1997 896 2078 incommoda
916 2019 985 2059 sum
1006 1999 1188 2074 meditatus,
1204 2007 1232 2058 si
1249 2016 1320 2057 erus

391 2093 538 2168 redierit3
573 2092 608 2150 in
635 2097 771 2170 pistrino
799 2092 979 2153 molendum
1008 2099 1065 2168 est,
1095 2092 1319 2171 vapulandum,

392 2190 557 2268 compedes
578 2189 749 2263 habendae,
772 2208 849 2266 opus
872 2199 938 2278 ruri
959 2191 1148 2251 faciendum.
1196 2191 1320 2250 Herum

389 2287 472 2348 nibil
491 2286 612 2348 accidet
631 2286 737 2347 anime
759 2271 897 2363 novum}
915 2288 1069 2366 quidquid
1087 2292 1211 2366 praeter
1233 2305 1320 2364 spem

255 2411 298 2458 ης
393 2385 524 2460 eveniet,
555 2402 644 2443 omne
666 2383 699 2443 id
721 2384 839 2461 putabo
860 2403 928 2444 esse
949 2384 1099 2444 inhaere.
1153 2385 1215 2445 Sed
1243 2384 1321 2462 quid

392 2492 496 2544 cesses
511 2481 669 2541 homiuem
685 2482 772 2541 adire
787 2486 819 2540 et
834 2481 868 2540 in
879 2481 1036 2560 principie
1047 2481 1163 2542 blande
1174 2480 1320 2558 alloqui?

393 2580 562 2660 (Plaucdriu
577 2598 673 2637 comes
680 2578 843 2658 formare.)

308 2688 364 2738 De.
392 2676 435 2756 (ιο
449 2678 588 2758 himself)
606 2674 797 2735 Phaedriam
811 2685 874 2736 mei
887 2675 997 2736 fratris
1012 2674 1120 2735 filium
1134 2675 1227 2736 vidae
1240 2674 1321 2734 mihi

390 2784 436 2834 ire
451 2773 583 2834 obviam.
779 2847 782 2853 .

255 2903 299 2947 130
309 2881 362 2931 Ph.
392 2870 435 2950 (ιο
449 2872 613 2949 Πεοιιριιο)
630 2871 679 2929 Mi
692 2875 815 2948 patrue,
831 2869 934 2932 salve!

309 2979 363 3028 De.
393 2968 513 3048 (coldly)
529 2966 639 3028 Salve!
676 2967 738 3028 Sed
752 2967 807 3028 ubi
822 2951 966 3047 [antipho
981 2969 1056 3029 est?

309 3076 363 3126 Pb.
393 3064 522 3125 Salvum
538 3074 645 3125 venire
668 3109 676 3126 .
698 3111 705 3125 .
729 3111 737 3125 .

310 3173 364 3224 De.
396 3162 624 3243 (interruptim)
641 3162 757 3238 Cred63
780 3161 838 3222 hoc
854 3162 934 3221 mihi
948 3163 1112 3240 responde.

309 3270 364 3320 Ph.
391 3260 493 3336 Valet,
523 3259 574 3319 hic
603 3265 669 3335 est;
699 3260 783 3338 (with
803 3280 845 3319 οο
873 3263 923 3318 air
943 3263 982 3334 os
1002 3279 1083 3320 some
1103 3260 1243 3342 concern)
1265 3259 1321 3320 sed

256 3384 299 3431 1³5
392 3367 495 3418 nonne
510 3357 615 3417 omnia
630 3375 668 3416 ex
683 3355 866 3417 sententie?

309 3464 363 3514 De.
393 3454 526 3534 (qruffly)
539 3453 662 3514 Vellem
677 3453 814 3531 quidem.

310 3562 363 3611 Ph.
394 3551 478 3632 (wite
492 3570 533 3611 aa
547 3553 718 3610 astonished
732 3552 796 3633 air)
812 3549 896 3621 Quid
907 3550 990 3612 istuc
1004 3553 1078 3613 est?
